3826 6014
43 292 100 357 205
407 290 673 355 sonuissent
696 288 750 355 ΧΙΙ
772 289 915 355 PROPH.
938 290 1024 355 ΜΙΝ.
1046 322 1086 340 -
1106 292 1151 357 iN
1171 291 1279 357 JOEL.
1303 293 1378 357 LIB.
1399 293 1424 357 l.
1696 296 1756 358 206

166 599 291 755 IN
358 597 822 753 JOELEM
884 596 1635 753 PROPHETAM

417 884 1008 985 COMMENTARIORUM
1044 887 1231 983 LIBER
1264 886 1444 985 UNUS.

79 1209 129 1267 88
139 1205 295 1264 Gemi-e
309 1200 645 1274 Verbumnominiquod
659 1202 768 1258 lectum
780 1201 870 1257 ested
882 1198 912 1266 Α
930 1199 1218 1258 Domininostrilesu
1229 1201 1336 1259 Christi
1349 1202 1516 1267 adventum.
1526 1203 1602 1260 diem
1612 1221 1753 1278 magnum

50 1297 106 1355 Joel
123 1296 221 1352 fitium
238 1292 373 1349 Pbstuel.
389 1311 403 1344 ιι
421 1291 460 1348 De
474 1307 507 1346 eo
518 1291 595 1363 quod
607 1291 643 1346 ed
657 1289 814 1363 propbetas
828 1288 876 1344 di·
930 1298 956 1346 et
973 1289 1154 1356 horribilem,
1166 1290 1221 1347 boc
1235 1293 1422 1350 uehementer
1437 1293 1603 1362 intendens,
1617 1300 1648 1350 ut
1664 1297 1757 1353 homi·

49 1383 179 1443 oiturvel
194 1383 337 1441 scribitur
351 1397 427 1450 esse,
443 1403 457 1432 n
470 1380 589 1437 Factum
610 1384 656 1436 est
676 1377 802 1435 Verbum
820 1382 875 1434 tto·
931 1395 984 1435 nes
999 1381 1032 1434 sd
1043 1380 1273 1450 rjuseduentum
1289 1399 1339 1454 per
1349 1384 1549 1454 penitentiam
1568 1401 1632 1441 rese
1645 1403 1755 1457 prepa-

51 1476 150 1543 minip·
164 1475 194 1529 iu
206 1471 291 1528 initio
304 1470 450 1544 prophete
464 1468 779 1542 precedentis‚scilicet
792 1467 876 1537 Oea,
930 1474 1006 1525 rent.
1021 1469 1151 1526 Summe
1166 1469 1227 1527 hec
1251 1473 1398 1543 prophete
1424 1472 1547 1528 intentio
1571 1486 1623 1529 est.
1640 1475 1754 1533 Etenim

50 1562 357 1628 diximus.secuudum
371 1561 488 1616 Patrurn
500 1566 670 1614 sanctorum
686 1558 875 1625 sententiam,
931 1574 1114 1631 quecunque
1129 1559 1186 1615 alia
1203 1559 1286 1631 prius
1311 1560 1355 1615 vel
1370 1562 1457 1616 citius
1473 1568 1595 1618 ventura
1613 1566 1753 1635 praedicit,

52 1653 179 1726 tuique
193 1651 348 1709 catholice
366 1649 507 1722 regulum,
523 1649 593 1722 quis
606 1647 742 1705 videlicet
755 1650 789 1703 ad
808 1663 876 1720 pro·
930 1648 1040 1704 idcirco
1055 1653 1084 1704 et
1097 1665 1115 1705 c
1130 1648 1187 1705 Deo
1204 1649 1265 1704 steri
1281 1654 1310 1706 et
1326 1666 1375 1720 per
1390 1650 1546 1723 prophetas
1563 1654 1754 1724 praenuntinrl

54 1744 153 1817 phetas
168 1742 292 1814 quidem
318 1740 424 1796 iaeturu
442 1744 497 1805 est,
514 1737 609 1808 idest,
622 1737 651 1794 in
672 1741 815 1808 tempore,
830 1736 876 1794 rel
931 1738 1071 1809 oportuit,
1079 1745 1111 1794 ut
1122 1738 1209 1794 citius
1219 1738 1379 1808 adimpleta
1389 1740 1475 1796 lid->m
1489 1743 1665 1797 mortalibus
1677 1743 1752 1798 luee-

52 1842 239 1905 extumere,
256 1829 378 1887 accessit
389 1830 442 1886 boc
454 1827 592 1884 Verbum.
612 1828 651 1882 Ad
667 1827 760 1883 Drurn
777 1834 876 1883 autem
932 1833 996 1884 rent
1011 1828 1047 1885 de
1058 1827 1312 1901 majoribustonge
1323 1839 1384 1901 post
1399 1829 1754 1905 lutosisNotundeigitor

53 1937 239 1996 nequequam
252 1924 363 1975 tactum
376 1924 432 1985 est,
445 1916 627 1991 nequeenim
641 1917 876 1985 lucturaeet,sio-
931 1916 1007 1973 mira
1021 1917 1156 1974 discretio
1181 1918 1338 1989 prophete,
1366 1920 1424 1974 irno
1448 1920 1574 1989 Spiritus
1595 1922 1685 1977 suncti
1703 1938 1754 1992 per

53 2019 83 2068 ot
104 2012 207 2070 Ariani
238 2010 383 2083 garriunt,
407 2009 458 2063 sed
486 2009 514 2062 in
540 2007 683 2079 principio
709 2011 772 2062 eret
797 2008 875 2071 apud
931 2006 1104 2079 prophetem
1121 2006 1343 2080 loquentisnui,
1358 2009 1435 2080 apud
1454 2008 1675 2066 multitudinem
1693 2028 1751 2068 non

52 2100 159 2173 ipsum.
177 2099 237 2156 lloc
254 2113 381 2165 numanis
405 2096 531 2152 Verbum
558 2101 604 2152 est
625 2094 760 2153 Christus
787 2094 877 2152 lilius
931 2097 1019 2153 unius
1035 2096 1125 2153 moris
1138 2112 1202 2152 sese
1217 2096 1304 2151 verbs
1321 2099 1413 2152 l'ucere
1428 2100 1627 2169 presentiens,
1638 2100 1680 2157 ite
1695 2117 1753 2158 nnn

10 2192 13 2285 j
54 2186 323 2259 liciquemethic
346 2185 504 2242 loellilius
529 2184 652 2240 Pbstuel
675 2190 732 2240 tatu
760 2184 876 2258 proprio
930 2186 1058 2246 exordio.
1075 2202 1133 2257 quo
1148 2192 1275 2241 attentos
1291 2186 1384 2242 iacere
1400 2186 1524 2243 intendit
1539 2189 1755 2246 cunctusuudi·
1859 2220 1862 2225 ·

55 2295 136 2350 quern
154 2284 279 2350 peterno
292 2278 410 2331 nomine
425 2274 571 2346 signillrut
587 2291 643 2329 uon
660 2273 770 2341 minus,
786 2289 876 2345 quom
930 2281 1020 2335 tores,
1032 2275 1165 2332 bilnrisrn
1177 2274 1320 2331 discernit
1332 2292 1365 2331 no
1386 2276 1562 2348 distinguit:
1576 2278 1693 2344 Audite,
1708 2280 1755 2334 in-

10 2360 13 2451 l
59 2383 212 2438 precessor
224 2368 290 2436 ejus
315 2365 387 2422 Osee
407 2365 485 2420 illius
501 2363 593 2421 Beeri.
608 2363 671 2421 loel
689 2380 817 2435 namque
832 2368 878 2419 est
931 2365 1007 2437 quit.
1021 2364 1091 2428 bec.
1102 2371 1230 2429 senessi
1241 2365 1362 2420 nuribus
1375 2365 1628 2436 percipitepumes
1640 2367 1755 2424 liubits-

58 2459 129 2515 use
148 2456 274 2513 Pbatuel
300 2455 422 2512 turitano
437 2459 489 2513 Dei
504 2456 725 2529 interpretetur.
743 2460 828 2512 Porro
841 2455 877 2511 do
931 2458 1009 2510 toros
1020 2453 1206 2510 terrae.Senes
1218 2459 1247 2510 et
1258 2455 1437 2510 habitatores
1449 2461 1531 2510 terre
1544 2455 1598 2512 hoc
1611 2457 1751 2513 differunt

57 2547 144 2605 Verbo
162 2547 290 2614 honuni,
305 2547 342 2602 de
356 2547 472 2604 Christo
502 2546 573 2603 Filio
600 2544 659 2610 oet,
670 2546 733 2617 jum
763 2543 1287 2641 dudumBquocmlistterraspud
1314 2544 1419 2601 isaiam
1432 2546 1752 2613 dis-entem:sttridits‚

62 2635 526 2711 longovictrixccrtnminelldss
555 2635 879 2706 obtinuitetprredicut
931 2633 1007 2700 coeli,
1023 2638 1053 2688 et
1066 2631 1188 2687 uuribus
1213 2634 1361 2704 percipite.
1379 2640 1455 2688 terra
1474 2635 1540 2705 (tin.
1555 2635 1584 2707 r).
1599 2658 1613 2684 u
1642 2637 1753 2694 Senum

63 2729 176 2798 quisset
188 2732 277 2783 urus.
294 2725 323 2781 Et
346 2742 410 2794 quse
423 2732 469 2780 est
479 2724 605 2780 latitudo
617 2723 678 2791 Dei,
694 2724 749 2779 nisi
764 2723 878 2780 ¹tilectio
930 2723 1149 2794 quippetalium
1164 2728 1222 2776 tsrn
1235 2722 1551 2779 venerabilisscnectus
1562 2729 1649 2788 estut
1663 2726 1752 2782 etiem

62 2818 97 2871 ret
112 2816 245 2873 ebaritas
259 2818 307 2870 bei
319 2814 333 2869 ‘l
345 2814 455 2870 Etenim
470 2813 625 2870 psalmista
643 2830 710 2869 cum
733 2813 854 2871 dixisset
870 2829 878 2872 :
931 2812 992 2869 coeli
1011 2810 1113 2866 morito
1128 2816 1276 2866 vocentur.
1289 2810 1379 2866 Senes
1390 2811 1656 2885 vidsttcetproptsr
1669 2830 1752 2870 men·
1785 2838 1789 2844 ·

65 2905 460 2964 .ornntseonanmniatinnts
471 2905 530 2960 vidi
542 2904 630 2961 linem
641 2905 727 2975 (Psoi.
738 2905 846 2973 exsui),
864 2925 879 2954 u
931 2903 969 2959 tis
984 2900 1122 2956 canitiem
1139 2899 1182 2955 sel
1200 2916 1340 2956 sensuum
1359 2902 1570 2963 maturitutem.
1579 2904 1665 2973 justu
1680 2903 1755 2960 illud

65 2998 227 3052 charitatem
245 2994 369 3068 intelligi
388 2995 500 3060 rolens,
512 2994 549 3049 de
563 3011 621 3065 qun
645 2998 673 3048 et
697 2992 855 3064 Apostolus
871 3007 879 3047 ε
930 2992 1077 3066 Sapientis
1092 3008 1099 3048 :
1112 3013 1126 3042 s
1137 2990 1279 3048 Senectus
1289 2992 1366 3047 enirn
1378 2993 1753 3060 venerabilisestmondiu·

66 3086 175 3154 ulicis,
192 3085 302 3158 inquit.
320 3084 457 3157 precepti
472 3089 518 3141 est
541 3083 667 3139 churitns
692 3082 712 3154 (l
731 3084 798 3139 Tim.
816 3083 848 3155 ι),
867 3105 878 3133 ι
932 3088 1032 3149 turns,
1047 3097 1142 3153 neque
1167 3097 1312 3137 annrirum
1329 3098 1451 3138 numero
1480 3090 1662 3154 computata,
1690 3084 1757 3140 enni

65 3178 190 3232 continuo
206 3175 363 3244 subiunxit
382 3189 390 3229 ι
407 3195 420 3226 ι
440 3180 541 3230 tatum
558 3172 726 3228 mundatum
742 3179 824 3227 tuum
836 3171 881 3227 ni·
932 3173 1011 3229 enim
1028 3177 1099 3227 runt
1114 3186 1220 3226 sensus
1243 3171 1370 3226 bominis
1395 3179 1422 3227 et
1438 3185 1507 3228 retus
1523 3176 1682 3229 senectutis
1698 3175 1758 3232 vila

24 3266 28 3311 l
66 3283 139 3324 urs.»
152 3268 249 3339 liujus
261 3266 403 3321 uirrrrrurn
417 3263 583 3320 latitudinis
593 3262 642 3319 :tei
657 3263 804 3319 Christum
816 3278 881 3319 esso
932 3259 1123 3318 immnoulnts
1138 3260 1214 3332 (Sep.
1226 3260 1276 3331 ιιι).
1289 3283 1304 3311 u
1315 3260 1385 3317 coeli
1397 3268 1495 3317 autem
1510 3279 1560 3334 prc
1573 3264 1696 3336 eoquod
1713 3265 1759 3320 di·

24 3322 29 3385 ἷ
66 3355 159 3412 Fttrurn
177 3350 881 3429 Apostolusiitemeontirmstbisverbis:rQui
933 3354 1179 3421 cerepossuntza
1193 3351 1298 3405 Nostra
1312 3359 1410 3406 etitem
1433 3354 1615 3407 conuersatio
1633 3354 1660 3407 in
1677 3353 1759 3410 cetis

25 3426 29 3491 i
66 3445 160 3518 eripuit
177 3462 231 3502 ons
242 3445 279 3501 de
291 3449 434 3517 potestus
444 3446 676 3509 tenotrraruru‚et
686 3439 837 3498 transtulit
852 3440 881 3496 iu
933 3447 978 3498 est
988 3438 1074 3497 retent.
1087 3440 1138 3510 ιιι).
1150 3461 1164 3490 u
1177 3440 1264 3495 Porro
1278 3439 1458 3495 habitatores
1479 3448 1560 3496 terre
1575 3458 1642 3498 oum
1660 3458 1759 3513 repre·

67 3550 175 3605 regnum
187 3534 253 3591 h'ilii
273 3533 443 3590 dilectionis
465 3531 699 3602 nasturtium).
717 3553 732 3581 n
748 3531 840 3603 igitur
853 3536 883 3587 et
933 3531 1077 3588 honsione
1092 3531 1138 3585 bio
1153 3529 1292 3584 dicuutur
1315 3546 1416 3586 ornnes
1433 3531 1473 3586 illi
1500 3533 1549 3603 qui
1568 3543 1625 3588 tem
1642 3540 1759 3589 terrena

67 3622 145 3694 hujus
154 3632 214 3679 tarn
229 3639 381 3695 proprium
392 3638 478 3693 quern
488 3621 820 3692 paternumsorabulum
829 3620 884 3676 hoc
933 3623 1022 3679 conta
1032 3624 1148 3688 gerunt,
1160 3625 1188 3673 et
1198 3618 1270 3674 eden
1282 3631 1395 3674 terrenu
1407 3621 1535 3690 eripiunt,
1547 3629 1580 3676 ut
1592 3628 1668 3677 terra
1684 3640 1757 3695 qno·

66 3712 152 3769 innuit
174 3714 246 3786 quia
261 3711 290 3767 bi
316 3710 354 3767 ed
369 3726 445 3783 qnos
468 3713 565 3765 tactus
587 3714 632 3766 est
644 3725 740 3765 sermo
766 3708 815 3764 Dei
834 3725 885 3781 pcc
933 3726 991 3782 qua
1007 3708 1101 3763 vocari
1114 3714 1292 3771 mereantur,
1305 3709 1570 3780 deqnalibusetst
1587 3720 1756 3782 serpentem

28 3804 33 3947 ξ
66 3802 317 3874 pratismsuntdil
331 3808 361 3856 et
373 3798 601 3857 tttiidileetiunis
618 3798 767 3866 ttei,sicut
781 3799 885 3872 etipse
933 3800 1044 3859 dictum
1074 3804 1143 3853 est:
1168 3796 1319 3853 «Terram
1345 3798 1481 3854 comedes
1509 3799 1622 3855 cunctis
1651 3799 1756 3856 diebus

69 3895 163 3950 unicus
175 3890 346 3948 dilectionis
358 3890 450 3946 Filius
465 3890 683 3962 seriptumrsss
693 3887 884 3951 meminitdi·
937 3889 1016 3958 (Gru.
1030 3894 1083 3952 rut.
1093 3906 1110 3941 ιι
1124 3889 1154 3944 ln
1170 3888 1245 3943 dues
1256 3892 1352 3956 partes
1363 3888 1435 3944 istas
1448 3906 1534 3946 omne
1545 3888 1697 3946 hominum
1709 3906 1759 3959 pe·

29 3956 34 4053 ΙΙ
66 3997 123 4037 reris
135 3981 270 4040 ludaris:
284 4004 299 4031 a
312 3979 413 4036 Nonne
423 3981 566 4051 scripturn
583 3983 629 4034 est
643 3979 672 4034 iu
689 3977 751 4049 lege
766 3984 881 4034 vestre:
899 3940 924 4007 C
939 3997 997 4036 nus
1010 3978 1161 4043 dividitur,
1176 3986 1200 4031 et
1210 3978 1345 4047 {utroque
1359 3995 1426 4047 pers
1441 3979 1488 4035 hic
1503 3979 1534 4035 in
1547 3980 1604 4036 isto
1621 3982 1762 4053 propheto

29 4074 33 4117 t
69 4071 185 4143 lgodixi
199 4070 260 4128 :uu
274 4074 389 4131 estiset
402 4068 453 4123 titii
466 4066 571 4124 excelsi
582 4067 827 4135 nmnesinooun.
843 4068 883 4136 x.)
940 4068 1053 4126 invenit
1065 4067 1108 4124 vel
1120 4066 1214 4131 audit,
1231 4067 1307 4122 unde
1317 4067 1529 4125 excitetursive
1539 4069 1591 4126 0⁰
1607 4076 1760 4135 terreatur.

30 4144 36 4229 't
67 4160 120 4218 lion
132 4176 229 4234 penes
243 4158 287 4215 vol
305 4175 393 4230 psrva
408 4173 473 4214 esse
486 4157 681 4213 existimanda
692 4164 763 4213 sunt
776 4172 884 4228 esque
941 4158 1013 4216 Nam
1030 4156 1079 4213 alii
1093 4162 1163 4212 sunt
1177 4171 1303 4229 quorum
1320 4157 1360 4212 itn
1376 4156 1507 4213 incanuit
1532 4158 1614 4221 fides.
1630 4158 1763 4228 exemplo

30 4246 37 4333 ξ
70 4254 196 4309 dicturus
208 4259 255 4307 est
268 4248 409 4323 prophete
422 4248 494 4304 tanti
519 4247 657 4315 nominis,
669 4245 736 4303 licet
750 4261 886 4303 sermone
941 4247 1022 4304 senis
1038 4246 1160 4304 noratis
1177 4245 1268 4316 patris
1283 4245 1427 4317 ipsorum,
1438 4252 1470 4302 ut
1484 4249 1520 4303 ds
1535 4250 1651 4304 actibus
1667 4249 1765 4304 borni·

30 4338 38 4431 ἶ
70 4342 152 4410 breui,
165 4338 329 4410 presertim
342 4337 412 4410 quis
424 4353 467 4393 sto
479 4335 601 4409 incipit:
613 4334 824 4402 «Auditehreo,
841 4351 886 4391 sc·
943 4355 1013 4395 nurn
1030 4352 1130 4392 curum
1153 4351 1219 4391 esse
1242 4341 1300 4391 [teo
1316 4352 1373 4391 non
1399 4339 1542 4407 dubitent,
1558 4343 1587 4393 et
1610 4338 1764 4394 audientes

32 4440 38 4459 ··
71 4448 123 4498 ses.
135 4442 166 4489 et
177 4429 304 4487 curibus
317 4427 467 4499 percipite,
482 4441 585 4482 onmes
596 4424 776 4480 habitatores
791 4434 884 4480 terre.
944 4425 1168 4499 promissionem
1189 4424 1224 4481 ds
1234 4426 1347 4483 Christo
1364 4429 1654 4498 venturo‚minasque
1669 4427 1704 4484 de
1715 4429 1766 4497 ju·

69 4520 91 4576 s·
107 4523 217 4578 lactum
233 4524 280 4574 est
294 4519 324 4573 iu
340 4516 446 4573 diebus
462 4514 577 4573 uestris.
594 4519 645 4570 cut
661 4516 689 4567 iu
716 4512 819 4569 diebus
836 4531 887 4581 pa·
944 4517 1021 4572 dicio
1036 4517 1279 4589 tuturo‚quernris
1290 4516 1500 4587 temporalibus
1513 4518 1659 4588 prosperis
1672 4519 1767 4575 abuc-

72 4614 137 4664 trour
151 4616 430 4676 vestrorum‚super
445 4602 499 4659 boc
515 4601 583 4658 iliiis
599 4602 701 4658 restris
719 4609 845 4666 narrate,
860 4606 890 4657 et
946 4604 1224 4663 derrtmihitominus
1235 4613 1332 4661 tumen
1346 4610 1693 4677 renturacredentetque
1709 4610 1768 4664 lor-

74 4697 118 4753 titii
131 4701 222 4754 vestri
240 4694 309 4750 tiliis
324 4692 401 4759 suis,
417 4692 504 4749 ettilii
519 4708 616 4747 eorum
633 4691 890 4764 generationintte·
947 4695 1069 4752 mident.
1082 4693 1135 4750 Alii
1152 4710 1220 4749 uero
1234 4701 1261 4750 et
1287 4693 1353 4750 istis
1369 4695 1492 4750 ruulturn
1512 4695 1672 4753 :tissimitea
1688 4701 1769 4764 eunt,

75 4800 115 4844 re.
127 4787 288 4843 ltesiduuru
300 4798 394 4839 erucas
409 4782 533 4839 comedit
550 4781 671 4847 tocusu,
695 4784 724 4836 st
740 4779 889 4835 residuum
947 4785 996 4857 qut
1006 4782 1166 4839 dummodo
1180 4782 1374 4853 presentibus
1385 4784 1469 4838 bonis
1482 4784 1772 4850 mompsuestenum

41 4874 44 4879 “
75 4871 462 4939 tueosteeonedubrurbus,
478 4877 506 4926 et
518 4871 665 4928 residuum
686 4869 787 4925 bruchi
799 4885 893 4926 come·
948 4875 1034 4930 bonis
1045 4871 1191 4928 aartmulis
1206 4869 1320 4926 nullum
1338 4871 1444 4926 hubent
1463 4874 1714 4942 respectumltlus
1731 4872 1773 4930 ni·

36 4936 40 5005 1
76 4964 111 5019 dit
124 4966 238 5035 rubigo.
254 4959 512 5033 Exspergiscimini
529 4958 769 5024 ebriietllsteet
783 4958 893 5016 ututsta
950 4964 1056 5019 mirum
1075 4959 1284 5030 temporalibus
1308 4967 1420 5031 oportet
1433 4961 1564 5019 adversis
1588 4965 1720 5026 excitari.
1741 4967 1774 5019 ut

44 5068 47 5075 ·
77 5068 178 5119 omnes,
194 5052 248 5126 qni
266 5051 369 5107 bibitis
394 5052 496 5105 sinum
523 5049 551 5104 in
571 5048 738 5108 dulcedine.
753 5048 892 5119 quonism
949 5055 1053 5111 saltem
1070 5053 1180 5109 rosolio
1196 5052 1259 5107 sole
1274 5051 1454 5108 intellectum
1471 5058 1519 5109 rtet
1533 5056 1656 5111 nuditoi·
1672 5060 1774 5126 ttuquo

75 5145 150 5215 periit
159 5146 196 5201 sb
208 5159 261 5203 orc
275 5146 383 5198 vestro.
395 5160 410 5191 s
421 5139 487 5196 Haec
499 5147 525 5195 et
536 5146 641 5194 cetera
652 5155 715 5210 que
727 5147 896 5211 sequuntur
947 5145 1008 5215 jum
1022 5146 1050 5199 in
1062 5141 1179 5199 exordio
1194 5141 1339 5214 postulata
1361 5144 1533 5211 uttrntinne,
1550 5151 1581 5200 ut
1606 5162 1711 5201 omncs
1726 5146 1776 5200 hu·

77 5248 132 5289 rm
143 5234 239 5290 mults
251 5238 280 5288 et
296 5234 497 5301 magnasunt.
513 5226 639 5295 telisque
656 5228 759 5282 urrdus
770 5227 833 5299 ipse
847 5227 893 5283 di·
950 5234 1039 5290 boant
1055 5249 1140 5287 sures
1155 5233 1463 5291 sortiendiconisstim
1479 5235 1551 5291 dicit
1567 5252 1598 5293 :a
1616 5237 1646 5292 Si
1665 5238 1774 5291 lactum

78 5320 436 5392 endtqaosnunttsntue
449 5317 508 5372 imo
525 5314 769 5372 lortiterauribus
785 5319 894 5373 nostris
910 5299 933 5366 D
949 5328 993 5380 est
1008 5322 1084 5378 istud
1100 5321 1128 5375 in
1141 5322 1246 5377 diebus
1258 5323 1427 5389 restruunt
1441 5323 1468 5377 in
1485 5325 1589 5380 diebus
1604 5332 1719 5395 petrum
1732 5339 1777 5378 vo·

79 5410 235 5476 illiduntur.
252 5417 286 5466 ut
299 5425 365 5466 scre
384 5424 441 5464 nou
468 5405 565 5462 solum
588 5405 779 5467 dormientes.
796 5422 897 5463 verum
952 5411 1249 5481 atrorurn.superboo
1261 5410 1328 5466 titiis
1341 5411 1441 5465 uestris
1455 5420 1613 5475 narrnte‚et
1626 5413 1676 5467 titii
1688 5407 1776 5465 vostri

81 5501 150 5558 ttisru
168 5518 229 5575 pru
246 5500 387 5556 ebrictste
402 5496 532 5569 absorpti
545 5506 574 5552 ot
589 5493 697 5567 sepulti
715 5502 898 5566 reputentur,
953 5501 1022 5557 liliis
1037 5501 1110 5561 suis.
1122 5508 1152 5557 et
1168 5500 1217 5554 tilii
1234 5516 1334 5555 eurum
1353 5502 1534 5571 genernrtnnt
1547 5503 1654 5555 attrrae.
1667 5521 1681 5547 ιι
1698 5500 1739 5553 Ae
1754 5497 1778 5551 si

84 5590 285 5666 qrrunnqussd
298 5590 445 5648 clamores
456 5583 900 5645 istostarnterriilcosoonrsci·
953 5591 1030 5648 dicat
1042 5608 1049 5647 ;
1061 5590 1146 5648 Nulla
1162 5591 1216 5648 bae
1233 5589 1368 5645 meminit
1384 5597 1453 5645 etus
1469 5608 1533 5663 que
1549 5591 1681 5645 dicturus
1699 5601 1780 5656 sum,

85 5680 321 5746 tutaremini
331 5678 414 5739 enim
424 5679 624 5752 tamprimum
635 5675 899 5751 quamsecurium
954 5694 1008 5738 uso
1018 5685 1126 5750 restro.
1142 5693 1196 5736 nce
1209 5681 1330 5752 patrum
1344 5683 1508 5734 vestrorum
1528 5680 1616 5748 atque
1632 5676 1779 5748 majorum
