3826 6014
158 222 212 283 lii
699 220 877 282 RUPERTI
899 213 1066 278 insanis
1089 213 1315 278 'lUlTIENSlS
1802 219 1861 278 472

158 355 222 428 ipso
238 354 334 411 taliter
344 352 444 418 edixit,
458 355 656 425 Veruntamen
665 367 712 424 epo
727 352 847 422 reptatas
856 367 915 406 sam
926 350 983 419 for·
999 355 1023 420 Α
1040 347 1301 418 Surrecaranterpo
1311 348 1672 418 viridesenioribasterrae,
1688 357 1714 406 et
1728 348 1866 406 discernat

157 442 280 499 titudine
290 443 404 514 spiritns
415 441 537 508 Domini,
550 440 653 511 indicio
663 445 690 496 et
705 442 859 505 ueritatem
870 444 982 504 catera,
1036 437 1077 494 ad
1091 453 1201 493 omnam
1221 445 1321 495 caetam
1335 439 1431 509 popati
1446 439 1587 509 loquentes
1599 454 1606 494 τ
1620 437 1748 495 tticlsaeos
1763 439 1863 496 tremo-

159 549 192 589 ac
208 533 231 586 si
249 532 358 586 diceret
371 549 377 587 :
390 530 540 603 Propheta
556 530 606 603 qui
620 531 778 602 predicent
794 544 895 602 paoem
908 524 986 584 etdi·
1036 525 1093 582 stlte·
1106 528 1167 598 tait
1177 527 1308 599 propbeta
1318 531 1350 583 in
1366 527 1462 584 diebus
1473 526 1596 584 Eusebia
1610 529 1686 598 repis
1699 528 1808 599 iada,et
1821 533 1866 584 nic

161 625 248 675 aaut:
267 621 337 687 Pan,
363 635 423 691 pon
448 619 582 692 (ter.v1),
600 620 654 692 ipsi
675 619 900 684 contundentur,
916 616 985 688 qnia
1037 615 1073 670 aa
1087 631 1193 671 onmem
1206 618 1339 688 papatum
1353 616 1463 673 dacos:
1483 615 1763 672 HaecdicitDomiaas
1778 634 1863 673 ener-

163 724 338 780 respousum
350 725 450 764 eorum
468 725 526 764 non
541 713 587 765 est
599 723 771 782 responsum
794 707 855 773 Dei,
871 707 920 762 sed
938 719 987 775 epo
1037 706 1159 761 minam:
1174 705 1239 762 Sion
1253 705 1338 778 quasi
1350 722 1418 777 aper
1439 706 1575 772 arabitur,
1597 715 1622 762 ct
1646 707 1816 763 Hierusalem
1832 710 1865 764 ia

161 797 280 869 reptatus
294 813 356 854 sam
367 796 656 871 fortitudinespiritus
666 798 832 870 Dominiqui
843 793 985 851 annuntio
1037 809 1164 850 aceruum
1190 795 1315 866 lepidam
1330 797 1393 864 erit,
1409 802 1435 851 et
1450 810 1526 851 mons
1540 794 1636 851 donnas
1646 796 1677 851 tn
1692 796 1801 852 excelsa
1816 797 1866 852 sit-

164 887 356 959 quodverum
371 892 468 956 est,et
484 887 823 959 iaciaquodJudicantis
838 889 891 941 est.
908 884 986 939 tneo
1037 900 1146 939 aarum.
1163 885 1295 956 sononia
1311 888 1397 941 morte
1418 884 1610 941 condemnabit
1641 901 1705 941 cum
1728 885 1864 941 Eaeclias

164 978 240 1047 quod
256 976 490 1033 annuntiotocol
505 977 595 1033 scetus
606 993 697 1043 suam,
712 986 738 1032 et
749 975 835 1032 lsrael
844 982 986 1047 peccatum
1038 989 1090 1028 rec
1117 977 1205 1040 lade,
1234 982 1260 1030 et
1276 976 1366 1031 omnis
1383 973 1479 1032 Sada?
1494 973 1624 1046 Nanqaid
1639 991 1693 1030 oon
1708 976 1865 1032 timuerant

163 1083 254 1122 suam.
272 1070 330 1122 Nec
347 1065 427 1121 ullus
443 1066 515 1121 mihi
528 1066 631 1122 certior
647 1071 713 1137 post
727 1065 818 1122 Deum
835 1063 919 1120 testis
930 1065 985 1128 est,
1038 1062 1198 1134 Dominam,
1212 1069 1239 1120 et
1254 1065 1398 1135 deprecati
1407 1072 1470 1121 sant
1483 1067 1583 1124 taciem
1593 1064 1722 1127 dominu
1736 1069 1762 1120 et
1773 1067 1865 1135 pani-

164 1172 252 1227 qunm
268 1156 332 1227 ipsa
347 1155 524 1211 conscientia
538 1153 627 1211 Jacob
641 1156 702 1212 sive
719 1153 819 1226 lsrael,
836 1159 932 1209 utrum
941 1165 988 1207 ιιε.
1039 1152 1093 1208 tait
1104 1154 1251 1210 Dominam
1265 1154 1344 1225 moti,
1355 1154 1425 1225 quod
1437 1152 1545 1209 locatas
1555 1155 1648 1225 sacrat
1659 1154 1788 1210 aduersus
1799 1154 1867 1210 eost

56 1254 60 1267 ¹
163 1260 230 1298 rum
240 1243 334 1299 dicam
346 1259 383 1297 sn
396 1258 464 1300 non.
475 1242 566 1297 Suum
577 1242 656 1298 enim
668 1240 803 1298 sceluset
817 1255 904 1296 suum
918 1253 984 1312 pec·
1039 1241 1105 1313 (tar.
1127 1243 1206 1310 xxv.)
1221 1241 1331 1298 Horum
1347 1242 1454 1298 idcirco
1471 1242 1668 1312 meminerim,
1685 1243 1753 1314 quia
1768 1244 1864 1299 visam

49 1353 52 1356 ·
163 1335 323 1396 cacumen,
334 1330 721 1403 nequeconscientiamsjus
733 1328 986 1401 latet,etiadeeo·
1038 1333 1083 1385 est
1097 1328 1156 1386 illis
1168 1330 1342 1403 paenituisse
1354 1329 1524 1400 Dominum,
1541 1347 1574 1387 eo
1590 1331 1666 1404 quod
1685 1349 1742 1387 non
1761 1331 1818 1387 cito
1834 1332 1863 1387 in

162 1420 277 1494 gnosoit
299 1424 398 1476 utrum
416 1420 450 1477 do
477 1421 562 1477 corde
577 1436 641 1477 meo
666 1420 778 1492 loquor,
795 1436 832 1474 an
846 1416 999 1474 tortitudo·
1038 1419 1142 1475 diebus
1157 1435 1258 1476 eorum
1272 1421 1427 1488 evenisset,
1440 1420 1519 1495 quod
1534 1422 1629 1478 luerat
1644 1423 1864 1493 prophetatum.

157 1509 262 1582 judicii
279 1513 307 1565 et
330 1509 463 1564 veritatis
479 1509 507 1563 in
524 1524 558 1564 eo
573 1523 704 1565 sermone
720 1509 872 1564 consistat.
888 1504 986 1562 andito
1038 1508 1280 1581 Atillepropbete
1291 1510 1351 1566 sive
1362 1511 1483 1582 spiritus
1495 1509 1622 1579 Domini,
1637 1511 1723 1580 cuias
1736 1512 1765 1565 in
1777 1511 1864 1566 torti·

161 1599 220 1656 lcaec
242 1599 384 1670 principes
398 1599 496 1654 domas
521 1599 603 1655 iacob
618 1605 644 1654 at
653 1595 764 1668 judices
778 1595 874 1650 domas
888 1593 983 1658 lsrael,
1037 1598 1140 1653 tudine
1157 1597 1575 1670 propbetabet,aujustudicio
1591 1604 1619 1654 et
1633 1599 1754 1654 veritate
1770 1600 1864 1670 reple-

162 1688 422 1760 qaiatominamioi
430 1686 712 1758 indicium,etornnia
722 1693 795 1743 recta
803 1682 984 1757 pervertitisc
1002 1717 1024 1782 B
1039 1689 1104 1741 tum
1120 1700 1151 1741 se
1165 1701 1231 1742 esse
1254 1687 1374 1755 sciebat,
1390 1703 1449 1743 non
1469 1687 1626 1758 presentis
1640 1687 1717 1759 regis
1733 1687 1864 1743 Haechiae

163 1777 212 1848 qai
225 1776 370 1846 aedi'ficotis
390 1776 453 1832 Sion
468 1776 498 1832 in
516 1775 712 1846 antipatribus,
727 1779 754 1831 et
769 1773 939 1830 Hierusalem
954 1770 985 1826 io
1039 1774 1240 1846 tempora,sed
1250 1774 1720 1848 necBabylonioemcsptivitatem
1733 1778 1866 1831 attende-

163 1865 324 1938 iniqaituta.
335 1867 480 1937 Principes
493 1867 551 1934 eius
562 1868 592 1922 ia
606 1863 946 1937 maneribasp'adicnbnnt,
962 1868 987 1916 ct
1040 1864 1100 1930 bat,
1118 1864 1187 1936 quia
1200 1863 1269 1921 Sion
1285 1864 1345 1920 sive
1363 1863 1547 1921 Hierusalem
1563 1869 1647 1937 capta
1661 1866 1790 1937 quidem,
1812 1866 1864 1921 sed

162 1956 312 2012 iscariotes
339 1956 397 2025 ejas
413 1955 444 2011 in
466 1954 590 2011 mercede
630 1955 771 2024 docebant,
797 1956 822 2009 at
845 1952 988 2025 propbetas
1040 1952 1415 2020 nonitsiunditusevsrsa,
1432 1958 1530 2011 utnon
1547 1960 1710 2010 remaneret
1726 1954 1865 2026 lapissu-

49 2054 54 2061 '
164 2044 223 2113 ejas
237 2045 268 2099 in
279 2042 577 2115 pecaniadivinatant‚
586 2048 702 2115 etrapcr
713 2042 986 2112 Dominamreqaies·
1041 2039 1239 2113 perlepidam.
1252 2043 1381 2116 Tempus
1394 2042 1468 2098 iliad
1481 2043 1653 2115 aspiciebat,
1669 2060 1726 2115 qao
1738 2042 1786 2099 ille
1797 2060 1865 2116 pro-

162 2133 275 2203 ccbuot,
299 2131 439 2189 dicantes:
466 2131 601 2204 Nanoaiet
615 2147 670 2188 noa
685 2131 816 2188 Dominae
832 2133 873 2187 est
887 2130 917 2184 ia
931 2143 987 2184 me·
1040 2129 1570 2204 pbsterumDominasorucitlgendus
1582 2137 1644 2188 erat
1655 2149 1672 2188 a
1683 2132 1867 2205 principibus

58 2270 61 2277 .
161 2221 209 2279 dio
222 2224 368 2277 vestram?
394 2222 454 2277 Non
482 2224 593 2278 venient
607 2237 690 2294 saper
703 2236 750 2276 coe
773 2221 858 2275 mata.
874 2220 990 2288 Propter
1041 2219 1070 2273 tn
1086 2217 1483 2289 maneribnsjudicantibus,
1498 2238 1514 2275 a
1529 2219 1728 2276 sacerdotibus
1739 2221 1769 2276 in
1782 2237 1866 2276 mer·

161 2308 213 2366 boc
226 2326 308 2366 causa
319 2309 406 2366 nestri
421 2308 487 2366 Sion
500 2309 581 2381 qnasi
594 2310 809 2380 operaratitar,
819 2311 845 2364 el
859 2309 990 2364 Hieraso-
1040 2308 1109 2363 cede
1123 2308 1307 2376 docentibus,
1325 2325 1342 2364 s
1359 2308 1510 2382 prophetis
1527 2309 1556 2364 in
1570 2308 1693 2381 pecunia
1709 2309 1866 2382 divinanti·

162 2398 217 2454 tem
237 2399 321 2470 quasi
355 2415 468 2454 aceruus
492 2398 619 2471 tapidum
633 2398 700 2470 crit,
715 2403 833 2455 cimona
848 2395 947 2469 templi
961 2395 990 2450 in
1042 2396 1108 2464 bus,
1124 2397 1174 2468 qui
1193 2395 1339 2468 judicium
1364 2397 1523 2453 abominati
1541 2402 1611 2453 sunt
1626 2407 1654 2454 ει
1668 2399 1768 2454 omnia
1783 2405 1865 2455 recta

164 2487 271 2543 encetsa
292 2487 438 2544 citnaram.
464 2492 522 2544 Hoc
546 2504 613 2545 vere
634 2492 776 2561 tanquam
803 2485 895 2557 tortis,
911 2482 992 2541 velot
1040 2489 1254 2559 perverterunt,
1269 2487 1297 2541 in
1318 2490 1432 2542 tantum
1456 2494 1487 2542 ut
1501 2487 1651 2543 dicerent:
1669 2487 1699 2542 ln
1714 2488 1866 2544 Beelzebub

164 2577 266 2648 judex,
284 2577 362 2633 sicut
378 2593 464 2634 verax
476 2578 650 2635 declamavit
665 2578 730 2647 iste,
747 2576 867 2648 repletas
878 2573 989 2647 tortitu-
1042 2576 1171 2649 principe
1181 2577 1385 2634 daeraonioram
1394 2578 1473 2646 ejicit
1481 2577 1616 2633 deoroaio
1633 2577 1745 2649 (liniti.
1761 2579 1824 2649 xri),
1840 2582 1870 2633 et

165 2665 232 2722 dina
243 2667 485 2739 spiritasltomini,
498 2668 680 2740 principibus
695 2667 888 2739 etjudieibns,
899 2679 993 2720 sacer·
1046 2666 1098 2721 boo
1113 2664 1203 2721 dixit:
1218 2667 1332 2721 Possem
1342 2665 1481 2722 destrucre
1493 2666 1630 2739 temptam
1647 2667 1708 2734 Dei,
1723 2673 1751 2723 et
1765 2669 1796 2723 io
1811 2667 1869 2722 tri-

167 2755 287 2811 dotibus
300 2760 328 2811 et
337 2755 634 2829 prophetissingnlis
646 2772 773 2829 namquo
783 2754 879 2812 scelus
892 2768 992 2825 psoen—
1045 2754 1094 2810 bas
1109 2753 1203 2809 diebus
1229 2753 1403 2823 resedificare
1430 2752 1505 2809 iliad
1519 2754 1629 2826 (Hatita.
1654 2756 1741 2826 xxvi),
1764 2754 1813 2827 pai
1827 2755 1870 2811 its

167 2846 230 2899 tum
256 2860 342 2900 suam
366 2844 551 2901 annuntiavit
574 2844 757 2917 principibus
786 2842 911 2914 quadiu
928 2857 992 2895 mu·
1044 2841 1251 2913 aedificaverunt
1280 2841 1347 2898 Sion
1369 2841 1398 2898 in
1414 2842 1595 2914 sanpainitas
1612 2848 1639 2899 et
1653 2844 1826 2900 Hierusalem
1837 2843 1869 2898 ia

171 2933 292 2989 neribus
305 2934 492 3004 jndieorent;
508 2932 718 2999 sacerdotibus,
731 2933 808 3004 quod
820 2931 848 2986 in
862 2929 993 2986 mercede
1045 2932 1202 3003 iniquitate,
1215 2935 1247 2986 nt
1263 2930 1367 2987 merito
1382 2931 1501 2988 deberet
1514 2934 1610 2989 venire
1623 2949 1707 3004 saper
1720 2949 1764 2989 aas
1781 2935 1870 2989 omisis

46 3064 56 3073 .
168 3023 325 3090 docerent;
353 3021 505 3094 prophetis
530 3022 607 3092 quod
631 3022 660 3076 in
676 3020 800 3094 pecunia
815 3020 990 3089 divinarent,
1046 3021 1161 3092 sanpais
1184 3021 1287 3093 justus,
1312 3022 1479 3092 catepanus
1502 3027 1869 3093 estsaperterramason·

165 3111 303 3181 qnodque
319 3109 494 3166 muneribus
506 3110 672 3179 incrassati,
684 3109 870 3165 mercedibus
885 3084 1027 3181 impin·C
1047 3109 1134 3179 paine
1146 3108 1213 3165 Abel
1226 3111 1293 3180 iacti
1314 3109 1418 3179 (anca.
1439 3113 1530 3182 ιιιιιιιι.
1546 3110 1610 3166 Νοιι
1626 3110 1727 3182 igitur,
1743 3117 1775 3167 ut
1789 3115 1873 3183 puta·

164 3199 256 3268 gnati,
274 3197 407 3269 pecunia,
423 3196 551 3262 dilatati,
569 3213 659 3270 super
671 3198 830 3254 Dominum
849 3201 990 3270 tanquam
1046 3202 1150 3255 verunt
1165 3199 1218 3263 illi,
1235 3200 1372 3271 paenituit
1385 3199 1543 3255 Dominum
1564 3200 1633 3256 mali
1649 3202 1726 3273 quod
1752 3201 1871 3257 locutus

165 3301 271 3340 crassas
300 3286 385 3341 boves
416 3302 505 3357 super
535 3303 664 3360 praesepe
693 3304 780 3344 sirum
806 3287 991 3360 requiescent
1046 3287 1139 3343 iuerat
1154 3289 1310 3345 adversum
1330 3305 1391 3357 eos,
1408 3289 1479 3360 quia
1493 3288 1628 3346 videlicet
1643 3305 1741 3346 sermo
1752 3289 1871 3347 Domini

167 3373 319 3430 dicentes:
347 3376 380 3429 ln
407 3375 504 3430 medio
521 3375 566 3432 sai
582 3374 731 3432 evidenter
744 3392 809 3433 esse
819 3375 989 3443 Dominum,
1045 3377 1715 3450 vindexsinepoenitsntiainveritatelundatus
1727 3384 1781 3447 est,
1794 3380 1874 3436 sicat

167 3463 308 3534 quoniam
321 3463 395 3519 nibil
407 3465 522 3521 deesset
533 3465 684 3521 ventribus
696 3482 809 3535 eorum,
823 3481 855 3522 ac
871 3465 895 3523 si
912 3464 992 3536 ipsos
1046 3466 1117 3522 alibi
1128 3465 1270 3539 scriptum
1285 3472 1330 3523 est
1342 3469 1450 3535 :Parra
1465 3467 1657 3536 triumphator
1672 3469 1701 3524 ia
1716 3470 1802 3525 lsrael
1817 3486 1872 3526 aon

169 3551 365 3608 confortarent
379 3553 519 3608 adversus
534 3553 692 3626 prophetes
705 3552 828 3623 Domini,
845 3555 968 3611 dicando
983 3570 990 3609 ε
1044 3568 1151 3629 parcet,
1165 3556 1440 3625 atpoeaitudinanoo
1449 3558 1592 3627 necerim,-
1605 3561 1778 3629 nequeenim
1790 3559 1872 3615 torreo

170 3642 235 3699 Non
267 3644 385 3700 venient
409 3660 564 3716 supervos
588 3643 666 3701 mala
689 3646 824 3702 asininae
844 3645 930 3703 bonus
953 3653 993 3703 est
1045 3649 1143 3713 estat
1160 3649 1226 3717 apat
1251 3647 1440 3716 paenitentiam
1467 3646 1565 3719 (lltep.
1582 3646 1872 3718 xv).ltonpepercit,

171 3731 288 3802 (liram.
314 3732 368 3804 ιιι),
388 3733 535 3805 propbeta
550 3735 711 3804 loquuntur
724 3734 806 3791 salse.
821 3738 887 3791 tam
903 3751 992 3807 snpra
1047 3733 1332 3806 neqaepoenitndine
1343 3734 1871 3807 flexusest,quisvidelicstprincipes

171 3821 284 3876 dixerat
294 3837 383 3894 super
396 3822 545 3895 principes
560 3824 697 3891 etduoes,
708 3829 774 3880 tanc
787 3825 947 3881 sternebant
958 3825 993 3880 ad
1047 3823 1077 3878 in
1102 3822 1273 3878 muneribus
1284 3823 1429 3895 J'udicere,
1446 3824 1612 3880 sacerdotes
1627 3824 1656 3879 in
1675 3825 1803 3881 mercede
1819 3826 1871 3881 do·

170 3908 331 3978 Dominum,
342 3914 368 3965 et
379 3925 435 3966 noa
445 3910 589 3968 exandiat.
601 3910 715 3967 Dixerat
726 3927 815 3984 super
823 3914 992 3984 propbetas,
1046 3928 1122 3980 cere,
1134 3911 1280 3984 prophete
1288 3915 1316 3969 in
1326 3911 1449 3982 pecunia
1460 3913 1589 3969 divinare
1597 3930 1655 3969 non
1667 3918 1869 3985 cessaverunt,

168 4007 319 4070 propterea
343 4014 399 4055 non
414 3999 488 4056 votis
500 4015 551 4071 pro
563 3998 670 4056 cisione
682 4000 736 4056 erit
750 4005 779 4056 et
794 3999 861 4057 licet
874 4002 993 4070 grandis
1045 4001 1077 4057 in
1093 4004 1207 4057 tentum
1224 4005 1256 4057 ut
1270 4002 1392 4058 domum
1407 4002 1510 4072 Patris,
1527 4020 1590 4074 qun
1605 4003 1710 4060 domus
1725 4005 1869 4062 orationis

168 4085 297 4141 vindicta
313 4085 387 4141 sitin
397 4087 550 4159 utriusque
566 4089 730 4156 sententiis,
747 4091 876 4146 noudum
892 4092 992 4162 tetige·
1046 4099 1116 4155 erat,
1130 4088 1243 4146 velasse
1253 4090 1387 4159 debebat,
1398 4091 1525 4147 iacerent
1536 4091 1706 4163 speluncam
1719 4092 1867 4150 latronum

170 4178 216 4228 rot
230 4190 315 4230 aures
333 4175 409 4231 2⁰6
432 4192 532 4232 eorum
563 4179 619 4235 iste
642 4180 739 4253 fragor
755 4179 888 4248 ultimus,
904 4196 991 4251 quem
1046 4182 1122 4251 (tac.
1134 4177 1698 4255 xrs).Undeanimsdvertendum,quod
1709 4182 1759 4255 qui
1770 4182 1871 4240 taliter

171 4263 360 4322 dissimulare
374 4282 431 4321 non
444 4274 579 4340 possunt.
590 4276 711 4344 Propter
725 4272 878 4328 boooeusa
891 4271 992 4340 vestri,
1047 4284 1098 4341 per
1112 4269 1201 4324 istum
1221 4267 1366 4341 predixit,
1383 4273 1501 4340 propter
1521 4268 1575 4326 hoo
1591 4271 1659 4326 Sion
1676 4287 1764 4327 causa
1779 4273 1869 4329 vestri

170 4353 236 4409 Sion
265 4357 346 4427 quasi
359 4373 425 4426 aper
440 4357 578 4427 arabitur,
592 4359 769 4417 Hierusalem
785 4361 865 4433 quasi
880 4377 993 4416 acerum
1046 4359 1124 4430 quasi
1139 4373 1204 4428 aper
1218 4357 1357 4423 arabitur,
1373 4363 1402 4416 et
1416 4357 1590 4415 Hierusalem
1604 4361 1684 4431 qnasi
1697 4377 1810 4416 aceruus
1826 4362 1870 4417 ta-

170 4442 294 4515 lapidum
313 4444 377 4513 erit,
399 4450 425 4502 et
443 4463 521 4503 moos
539 4450 638 4520 templi
662 4451 692 4505 ia
717 4452 824 4507 ecceisa
838 4449 990 4508 siluarum.
1008 4446 1141 4519 lipidam
1155 4445 1220 4514 crit,
1236 4450 1263 4502 et
1275 4462 1354 4504 mons
1369 4448 1465 4520 templi
1478 4447 1508 4504 in
1524 4450 1631 4505 enesim
1641 4450 1788 4517 siluarum,
1804 4451 1868 4523 ipse

169 4531 229 4589 Hoo
243 4533 283 4588 ita
304 4535 480 4608 factumest,
501 4539 580 4595 siem
594 4543 672 4595 totus
688 4540 768 4596 orbis
784 4541 908 4608 audivit,
924 4540 992 4612 quia
1046 4535 1484 4609 eumllevlssetsuperenmdem
1495 4539 1652 4605 civitatem,
1664 4538 1765 4596 dicens
1775 4558 1782 4596 :
1794 4540 1868 4608 Quia

169 4627 325 4692 postquam
336 4623 439 4680 talium
451 4627 618 4699 principum
629 4628 814 4700 sejudicum,
830 4630 933 4685 tatium
945 4646 992 4685 sa·
1045 4629 1105 4684 dies
1118 4629 1307 4696 sententiata,
1318 4629 1558 4686 etcircamdabant
1572 4631 1712 4687 telnimici
1723 4633 1766 4687 tui
1784 4633 1869 4702 notio,

168 4710 320 4767 cordatum
345 4717 375 4768 et
390 4714 598 4786 prophetarum
623 4716 675 4772 lilii
692 4734 859 4775 mensuram
876 4724 991 4791 patrum
1045 4720 1072 4773 et
1087 4717 1122 4774 ad
1145 4724 1251 4774 terram
1264 4722 1440 4788 prosternent
1453 4727 1489 4786 tc,
1501 4729 1526 4775 et
1539 4736 1594 4776 noa
1609 4720 1766 4791 relinquent
1792 4723 1822 4776 ia
1847 4730 1873 4778 lc

169 4817 291 4858 suorum
304 4803 714 4880 impleverunt,crnoillgendo
725 4809 874 4865 Christum
885 4808 991 4867 Filium
1046 4806 1259 4880 topictemaaper
1273 4806 1394 4878 lapidem
1405 4823 1416 4862 .·
1429 4810 1557 4880 protinas
1571 4811 1711 4878 inpressas
1726 4811 1871 4883 temptum,

169 4889 220 4946 Dei
248 4892 349 4960 (Hatita.
380 4899 466 4965 xxvi),
489 4895 559 4951 Sion
589 4897 648 4953 sive
673 4897 854 4956 Hierusalem
875 4899 994 4956 deserta
1043 4895 1678 4969 empitep‘ioercoendentesetemersissent)
1696 4897 1725 4954 in
1741 4898 1804 4968 illo,
1820 4917 1872 4971 per

170 4980 246 5034 tecta
269 4985 323 5046 est,
349 4997 402 5039 nec
426 4985 569 5041 remansit
601 4986 703 5043 civitas
721 4992 772 5044 eut
791 4986 893 5059 templi
917 4987 992 5060 lapis
1046 4985 1242 5057 beatudicens
1251 4984 1428 5041 eversionem
1438 4984 1566 5042 civitatis
1576 4989 1605 5040 et
1616 4984 1729 5057 templi,
1742 4987 1869 5045 maxime

170 5082 260 5139 super
278 5068 405 5143 lapidem
423 5072 472 5145 qui
487 5091 545 5130 non
565 5074 766 5133 destrueretur
779 5079 856 5149 (Lac.
867 5078 936 5149 xix).
953 5081 992 5134 De
1046 5093 1098 5148 pro
1119 5073 1207 5148 culpa
1229 5074 1409 5131 sacerdotum
1424 5073 1563 5141 iuturem,
1585 5074 1679 5157 quiin
1694 5075 1804 5148 templo
1819 5077 1871 5133 illo

170 5154 225 5213 heo
241 5158 392 5231 prophetia
406 5160 544 5219 taliterin
560 5163 706 5222 Hieremia
721 5167 831 5224 mentio
847 5167 922 5223 lanta
936 5171 990 5225 ast.
1046 5167 1115 5223 iacti
1134 5171 1218 5223 erant
1232 5167 1380 5240 principes
1397 5164 1554 5224 latronum.
