3826 6014
161 225 239 288 tuot
724 212 899 281 RUPERTI
920 212 1088 279 ABBATIS
1110 212 1348 286 tuitiensis.
1800 222 1874 290 ittet

160 361 249 419 citato
262 356 320 413 lettl
336 358 417 422 sunt,
433 369 466 410 ao
480 353 505 410 εἰ
515 353 579 425 jam
594 355 708 409 eterne
723 352 822 424 patrie
839 351 904 408 leue
920 364 986 424 per·
1001 356 1030 425 Α
1046 357 1110 410 stus
1125 356 1183 412 sibl
1196 358 1322 432 jungere
1336 358 1426 427 venit,
1443 380 1457 410 a
1470 362 1610 429 tenipunm
1626 375 1761 430 sponsus
1784 376 1876 434 prone

161 450 307 505 truautur.
1040 444 1111 500 deos
1126 447 1161 501 de
1175 447 1304 504 thelemo
1319 466 1373 505 suo
1389 449 1475 521 (Prot.
1492 450 1583 521 xviri).
1597 472 1611 498 u
1633 448 1686 507 Cui
1711 450 1811 507 vidue
1827 451 1868 510 he

196 537 283 593 Vnus.
300 534 344 590 ts.
361 564 394 576 --
410 554 423 581 a
440 532 520 589 teris
532 539 585 598 est,
601 531 751 587 neubeudi
762 530 886 602 quilibet
908 527 986 599 talio,
1040 536 1173 591 nefacere
1185 543 1231 593 est
1243 539 1272 594 in
1289 541 1353 611 ejus
1367 554 1432 611 que
1449 539 1558 596 mortni
1569 540 1629 595 Viri
1646 543 1693 597 eui
1716 556 1821 601 amore
1840 552 1874 599 at·

109 664 112 669 ·
163 641 276 698 «super
289 623 389 680 inultm
402 636 511 695 aqum.»
523 620 550 676 ld
564 627 609 676 est
629 620 786 692 plusquam
816 620 986 693 superficies
1039 621 1146 681 teritur
1160 627 1361 686 consolatione
1375 629 1519 687 leborere.
1532 631 1588 688 Sed
1601 631 1650 688 hie
1666 630 1711 687 illi
1728 635 1806 690 bene
1819 650 1871 692 non

163 730 255 787 eque,
272 711 341 785 quia
352 710 521 767 videlicetsi
533 707 667 781 quelibet
681 707 989 764 bunoeuretentetio-
1041 711 1333 784 iecit,quiavidelicat
1344 730 1395 790 pro
1406 717 1538 775 illaniliil
1549 718 1705 778 laboravit.
1725 720 1776 776 vet
1795 724 1828 777 ut
1840 720 1871 780 ιε

164 805 211 861 nis
222 801 360 875 attigerit,
372 802 436 857 sino
449 799 585 856 tarditate
596 797 692 871 alique
704 795 918 853 retractationis
930 800 987 851 tre-
1042 799 1180 860 hoeretioo
1195 811 1290 876 coepto
1305 814 1498 879 prosequatur
1512 809 1675 880 expositio:
1703 828 1718 860 e
1748 810 1843 878 Perit,
1857 832 1869 862 ι

164 894 217 950 tiit.
234 890 414 946 «ltelediote
428 889 466 946 eit
482 902 549 961 pers
578 888 644 960 ejus
669 887 699 943 ln
719 891 808 957 terre,
823 910 836 941 e
853 885 988 942 videlicet
1042 889 1168 948 subeunt
1184 892 1349 960 hereticus,
1367 917 1381 946 u
1397 896 1538 964 sterilem,
1556 916 1568 949 ε
1587 894 1617 953 ld
1640 901 1697 969 eet,
1724 898 1870 971 pascendo

164 983 234 1056 quie
249 982 284 1038 ad
299 986 413 1052 tempus
426 978 619 1043 benedicitur,
636 976 723 1031 idest
742 979 941 1048 prosperetur,
957 974 987 1029 in
1042 981 1248 1052 predicatione
1259 984 1367 1042 error-le
1383 985 1428 1042 eui
1445 986 1511 1042 lecit
1526 988 1654 1044 sterilem
1683 993 1777 1061 atque
1800 1004 1870 1046 erro·

164 1077 246 1129 reetu
262 1077 360 1127 temen
377 1073 522 1141 perpetue
538 1064 752 1122 maledictionis
767 1069 893 1134 leuetur,
907 1088 920 1110 ι
935 1076 988 1120 neu
1043 1084 1127 1124 neem
1145 1070 1270 1142 plebem.
1287 1095 1301 1125 o
1315 1075 1350 1130 itt
1364 1075 1457 1130 vidue
1474 1078 1547 1132 bene
1573 1093 1629 1133 nou
1655 1077 1735 1145 ieoit,
1754 1098 1770 1128 e
1785 1078 1815 1134 id
1831 1085 1870 1136 est

163 1160 295 1220 embulet
310 1176 361 1233 per
374 1160 450 1213 viem
466 1157 654 1224 vinearum»
670 1153 759 1211 idest
775 1169 825 1226 per
840 1152 989 1209 restitutit·
1042 1163 1152 1217 sancte
1167 1160 1312 1230 ltcolesie,
1329 1164 1414 1235 eujus
1433 1165 1476 1220 vir
1504 1165 1635 1222 cbristus
1659 1183 1741 1223 nuno
1768 1166 1869 1225 absens

163 1269 230 1309 nem
248 1249 457 1320 llooleslsrum,
473 1263 536 1320 que
551 1245 599 1301 vis
614 1248 692 1302 reeta
708 1245 790 1315 tides,
805 1243 849 1301 vel
860 1243 987 1315 iustitio
1043 1253 1099 1314 est,
1114 1251 1221 1306 servire
1237 1256 1265 1306 et
1279 1250 1460 1310 coilnborere
1474 1255 1663 1329 contempsit.

164 1342 306 1400 rectitudo
321 1348 374 1396 est.
1079 1336 1217 1396 iene22.
1231 1370 1262 1382 -
1273 1362 1287 1391 a
1302 1343 1432 1397 [retraxit
1445 1343 1545 1409 iortee,
1563 1364 1578 1393 u
1589 1344 1616 1399 id
1634 1349 1680 1400 est
1695 1345 1726 1401 ln
1743 1362 1867 1403 errorem

196 1430 282 1486 Vnae.
298 1430 340 1486 te.
358 1456 393 1470 -
410 1456 422 1482 ι
438 1428 478 1483 ed
494 1424 619 1482 nimium
636 1423 776 1494 colorem,
793 1448 806 1473 ι
836 1422 865 1479 id
892 1426 937 1478 est
951 1420 989 1478 oti
1043 1442 1131 1482 suum
1148 1428 1246 1501 rapuit
1261 1433 1414 1502 superbos,
1431 1433 1530 1489 seculi
1546 1438 1693 1504 potentes.
1711 1457 1725 1485 a
1743 1436 1775 1492 ln
1793 1436 1868 1492 torti·

162 1520 379 1592 impatientiam
397 1529 512 1589 semper
531 1515 712 1572 contentiose
741 1519 887 1586 egentem,
908 1517 938 1567 et
952 1509 989 1566 ed
1042 1514 1144 1573 tudine
1160 1534 1223 1590 sue,
1239 1540 1253 1572 a
1269 1519 1296 1574 id
1314 1525 1359 1576 eet
1375 1522 1403 1576 in
1420 1521 1586 1594 eloquentie
1601 1522 1681 1580 olere
1696 1529 1726 1580 et
1750 1532 1866 1582 conten·

163 1611 241 1668 riree
256 1609 411 1675 nolentem,
429 1605 629 1663 «trauseateb
640 1602 856 1677 equlenluium,
872 1628 884 1654 a
901 1603 991 1658 idest
1044 1603 1129 1671 tiosa,
1146 1629 1160 1656 «
1177 1612 1284 1663 etcum
1301 1611 1424 1678 steterit,
1432 1630 1446 1661 u
1458 1611 1486 1666 id
1503 1613 1685 1684 estquondiu
1703 1613 1804 1682 vluit«
1816 1632 1865 1672 non

163 1695 701 1769 alectionescripturorumperirlgue
713 1692 840 1766 pertidie
851 1706 902 1747 seu
915 1689 990 1746 mule
1046 1696 1146 1749 credet
1160 1697 1225 1751 vite
1238 1714 1310 1762 sue,
1326 1721 1341 1749 »
1357 1700 1386 1755 ld
1415 1704 1470 1766 est,
1495 1703 1658 1758 contemnit
1679 1703 1716 1759 de
1732 1706 1792 1760 ileo
1810 1721 1866 1761 vera

164 1788 390 1846 intellectarum.
407 1793 447 1842 eo
462 1787 485 1842 si
503 1791 601 1858 aperte
615 1785 712 1839 diuet:
742 1782 816 1849 Quia
839 1780 990 1836 humiliter
1005 1740 1028 1811 B
1043 1782 1160 1839 sentire.
1178 1785 1232 1840 Sed
1250 1789 1343 1860 etqui
1361 1789 1389 1843 in
1405 1805 1524 1861 corpore
1540 1790 1677 1847 ttrcteste
1703 1800 1814 1849 rectem
1830 1794 1864 1849 ri·

166 1881 221 1936 sub
237 1878 397 1950 discipline
413 1876 528 1931 vinculo
541 1890 596 1930 nou
613 1872 874 1944 constringitur,sb
891 1869 990 1926 tnttds·
1044 1870 1129 1927 detur
1144 1872 1230 1930 ssdem
1243 1880 1350 1945 tenero,
1367 1879 1437 1934 dum
1467 1894 1601 1951 perverse
1625 1881 1708 1949 vivit,
1725 1884 1790 1939 vite
1812 1900 1863 1939 sue

166 1965 749 2038 lrtetissuretrigoreperimmoderatem
767 1960 987 2034 sapientiemin
1044 1978 1102 2018 non
1132 1965 1234 2034 eredit,
1263 1967 1333 2037 quie
1372 1967 1506 2025 videlicet
1534 1971 1691 2027 confltetur
1724 1988 1756 2029 se
1786 1990 1863 2031 norae

165 2075 292 2116 errorem
303 2057 426 2113 labetur.
437 2060 510 2111 Nam
526 2057 561 2109 tle
586 2052 904 2124 hujusrnodiecriptum
920 2055 987 2106 est:
1043 2056 1145 2123 Deum,
1163 2055 1246 2110 tactis
1261 2060 1356 2113 sutem
1373 2062 1460 2130 negat
1475 2059 1536 2130 (Tit.
1554 2063 1582 2129 1).
1600 2060 1715 2118 Diceret
1735 2062 1860 2136 aliquis:

169 2149 268 2205 «Siout
280 2147 416 2218 trigidem
433 2145 500 2200 tecit
511 2143 636 2199 cisterna
648 2156 755 2215 squaru
767 2157 863 2208 suam,
879 2140 921 2198 sio
937 2136 986 2194 iri·
1042 2141 1136 2205 Quare
1151 2158 1218 2215 ergo
1233 2146 1300 2200 vivit
1317 2145 1323 2201 l
1340 2147 1383 2201 ed
1398 2148 1474 2218 quod
1492 2150 1695 2221 respondetur.

163 2241 260 2311 pidem
278 2238 348 2293 ierit
363 2236 503 2292 melitium
521 2250 603 2289 suem
619 2235 688 2306 (ter.
702 2236 749 2305 vr).
760 2261 772 2285 »
783 2264 816 2274 -
827 2260 839 2285 e
850 2230 987 2303 litusque
1077 2231 1211 2289 venetii.
1224 2262 1258 2276 -
1270 2264 1282 2290 e
1294 2236 1378 2292 Dedit
1393 2239 1467 2293 lteus
1482 2239 1507 2294 ei
1526 2240 1621 2296 locum
1645 2240 1835 2313 poenitentioe,
1849 2264 1861 2293 ιι

163 2330 198 2386 ed
214 2329 322 2384 interos
337 2332 488 2399 petentum
504 2323 763 2390 dirumperent
779 2322 987 2393 dueatur,quie
1042 2321 1070 2376 ld
1086 2328 1130 2378 est
1145 2323 1253 2381 idcirco
1269 2325 1351 2381 iilum
1369 2326 1395 2381 io
1414 2328 1568 2399 iniquitute
1580 2331 1736 2396 tolerat,ut
1750 2350 1801 2405 per
1814 2350 1860 2405 pe·

162 2418 299 2474 videlieet
314 2423 382 2472 ente
397 2415 483 2469 tieem
495 2416 561 2469 vite
582 2413 735 2485 presentis
759 2410 833 2467 eur
856 2424 907 2484 per
921 2426 985 2465 cor·
1041 2414 1175 2472 tientlam
1192 2432 1275 2473 suem
1292 2421 1326 2475 ed
1345 2422 1545 2490 poenitsutiern
1562 2421 1645 2480 illurn
1669 2426 1860 2499 exepectendo

161 2508 321 2564 tentionem
337 2522 371 2562 eo
387 2504 587 2577 poenitentium
602 2518 660 2559 noo
676 2504 863 2558 emendatur.
1036 2500 1077 2575 pb
1093 2501 1245 2572 iniquitute
1256 2512 1463 2578 compescet,ct
1475 2507 1725 2580 itleabutttureo,
1741 2510 1860 2568 subaudi

197 2597 337 2653 veneto.
352 2626 388 2637 -
403 2617 418 2646 e
438 2593 630 2651 Oblivisuetur
653 2594 717 2662 ejus
742 2590 984 2658 misericordia»
1041 2592 1307 2663 poenitentiarium,
1324 2598 1547 2669 insuperbiem,
1574 2599 1602 2656 id
1632 2605 1677 2656 est
1704 2602 1860 2658 secundun:

160 2687 188 2744 id
204 2686 488 2757 estOinnipotentem
500 2698 672 2755 quemnuno
683 2681 798 2753 justum
815 2698 872 2736 non
888 2680 984 2748 timet,
1040 2681 1178 2738 duritiem
1194 2700 1277 2740 eueni
1289 2685 1467 2742 thesaurizet
1491 2686 1546 2743 eibi
1571 2688 1645 2745 irem
1662 2690 1793 2761 (Romu),
1809 2704 1860 2745 ner

160 2778 371 2849 postinvenire
387 2774 616 2831 misericordiam
647 2784 702 2827 non
732 2770 836 2840 retest,
862 2769 984 2838 scilicet,
1040 2771 1754 2850 etcertumsonisexspecteturpesipiscit,onds
1773 2780 1859 2852 etju·

161 2869 230 2943 quia
243 2874 393 2941 peccatum
411 2867 487 2938 quod
504 2865 551 2921 hio
582 2880 639 2920 uon
656 2862 820 2934 corrigitur,
837 2862 900 2930 ejus
914 2858 984 2915 iilno
1039 2860 1115 2917 etius
1126 2861 1583 2939 damnetur,sicutscriptumest
1599 2885 1634 2924 t«
1647 2872 1783 2926 Percetor
1797 2884 1860 2926 oen·

159 2961 243 3015 venie
259 2960 366 3014 trustre
381 2956 555 3028 postuletur.
572 2972 585 2999 ε
598 2949 724 3008 Dulcedo
741 2950 819 3006 tilius
834 2950 951 3017 vermis,
969 2970 983 2999 u
1039 2954 1099 3006 tum
1114 2968 1255 3010 annorum
1273 2955 1447 3013 maledictus
1458 2961 1512 3014 erit
1527 2960 1589 3028 (lea.
1606 2962 1682 3031 exv).
1699 2985 1712 3013 ι
1729 2959 1785 3016 tint
1800 2975 1860 3016 ceo·

114 3108 117 3113 ,
160 3038 826 3117 ειιευιι,εει,ιιιηιινιι,ἰιεειεεεο,ευε
850 3052 984 3110 verepu·
1039 3042 1171 3098 tenerius
1187 3060 1238 3116 pro
1254 3046 1367 3101 inlinito
1382 3047 1509 3119 ponitur,
1525 3049 1595 3120 quia
1614 3047 1860 3122 videlieetnpeo·

160 3138 242 3194 tredo
257 3142 302 3192 εει
316 3142 345 3191 ει
360 3136 475 3200 vermis,
491 3136 575 3202 ouius
591 3128 927 3202 eoncupiscentintuturn
938 3135 983 3187 est
998 3120 1019 3192 C
1038 3133 1405 3203 oetlperpetrationenulle
1416 3137 1555 3209 temporis
1567 3136 1861 3211 longinquitetocoor·

158 3224 210 3280 hoo
234 3225 310 3295 quod
326 3223 434 3296 appetit
449 3223 479 3277 in
494 3222 606 3277 mundo
617 3219 919 3293 prosperari,ceteros
934 3234 984 3274 ex·
1038 3222 1194 3292 peneltune
1207 3223 1287 3279 Oculi
1297 3225 1376 3281 enirn
1387 3227 1461 3297 ejus,
1474 3255 1486 3281 u
1500 3227 1529 3283 id
1547 3233 1592 3284 est
1605 3228 1787 3286 intentiones
1799 3245 1859 3285 cor·

158 3314 275 3380 oedere,
292 3313 380 3368 rebus
394 3319 423 3368 et
437 3311 598 3368 honoribus
623 3316 746 3366 tumere.
763 3309 863 3376 Qualis
887 3316 984 3365 eutem
1037 3309 1083 3364 dis
1095 3312 1171 3382 ejus,
1183 3334 1196 3360 e
1211 3320 1281 3368 erint
1296 3314 1324 3370 in
1342 3314 1422 3371 illius
1438 3315 1503 3383 viis,
1518 3337 1530 3362 i
1546 3316 1576 3372 id
1605 3323 1648 3373 est
1672 3319 1802 3375 scienter
1820 3333 1858 3375 er·

167 3402 217 3463 sit.
229 3403 288 3458 irno
304 3402 382 3474 quod
398 3418 463 3458 vere
478 3402 586 3457 vermis
601 3402 639 3456 sit
653 3401 750 3456 carulo
763 3398 984 3466 substantie,te·
1038 3414 1117 3470 rane,
1133 3405 1162 3458 et
1181 3401 1331 3458 meliorem
1351 3405 1545 3474 elementem,
1558 3422 1574 3461 a
1592 3408 1789 3478 presentibus
1804 3424 1856 3464 nou

166 3496 283 3546 stanter
298 3489 432 3563 eepulcra
448 3506 530 3562 3que
546 3489 612 3562 quis
628 3487 985 3562 parentumquisnmioo·
1037 3494 1201 3560 soporetur,
1217 3494 1246 3546 et
1260 3493 1330 3548 solie
1347 3494 1436 3563 vittis,
1453 3500 1485 3550 ut
1500 3510 1551 3567 per
1567 3496 1620 3551 hoc
1637 3494 1739 3554 animo
1752 3496 1859 3554 salisia-

156 3592 219 3635 rum
235 3578 812 3654 tongerevelit,quantumiibetviventem
824 3575 985 3633 dilexerit?
1037 3579 1104 3644 etat,
1122 3581 1387 3651 semperinteodit.

158 3670 229 3728 Cere
245 3671 438 3744 nequedum
455 3671 682 3744 concupiscitur,
700 3672 838 3743 pensetur
853 3669 921 3741 quid
945 3667 985 3722 stt
1073 3669 1155 3724 vies.
1171 3670 1217 3725 tt.
1235 3698 1268 3712 -
1284 3699 1296 3724 «
1312 3671 1422 3727 literati
1446 3677 1515 3729 eunt
1534 3672 1572 3730 ed
1596 3672 1758 3743 modicum,
1776 3704 1789 3729 e
1813 3692 1857 3732 su·

156 3761 312 3829 exanimis,
329 3766 358 3819 et
373 3767 445 3819 tune
460 3760 711 3834 inteiiipiturquid
729 3760 983 3818 emetur.Sanctue
1037 3756 1126 3812 baudi
1144 3759 1235 3830 impli,
1254 3788 1267 3815 «
1282 3765 1308 3817 ει
1327 3761 1575 3832 consenserent,
1591 3786 1603 3814 a
1631 3765 1769 3823 videlieet
1779 3768 1857 3839 Juxtr

118 3871 125 3882 ·
154 3851 200 3907 tir
216 3868 267 3926 per
281 3853 402 3909 vulnere
416 3857 446 3909 et
460 3850 548 3909 verba
562 3853 605 3909 eie
621 3853 743 3924 loquens
756 3867 822 3917 sue,
838 3854 870 3906 ut
893 3848 982 3905 etiem
1036 3848 1112 3918 quod
1130 3847 1198 3902 aiibi
1216 3849 1357 3921 seriptum
1375 3855 1428 3918 est,
1446 3850 1539 3907 «Vidi
1555 3851 1857 3925 implumeuperexel·

155 3942 540 4015 significetnostre‚adleue
569 3942 604 3998 de
634 3956 720 4014 prens
745 3937 878 4010 ejusdem
899 3937 983 4010 impii
1035 3940 1128 3993 tutum
1144 3943 1172 3994 et
1187 3937 1332 3995 elevatum
1348 3941 1423 3997 elcut
1439 3942 1665 4010 cedrosLibeol,
1681 3949 1712 3999 et
1727 3943 1856 4012 transtri,

154 4031 389 4101 subjicit,dlcens
402 4048 409 4088 ε
422 4054 436 4082 n
446 4028 510 4088 Non
524 4031 563 4087 slt
574 4031 604 4087 in
617 4030 845 4097 recordatione»
856 4019 982 4084 subaudi
1034 4030 1063 4081 et
1077 4040 1142 4082 ecoe
1157 4040 1213 4082 non
1230 4031 1292 4084 erat
1313 4030 1399 4097 (Prot.
1425 4030 1530 4102 xxxvr).
1551 4057 1564 4083 i·
1579 4030 1625 4087 Sic
1640 4031 1753 4099 fumus,
1769 4032 1818 4089 uisi
1830 4035 1856 4088 in

159 4119 219 4186 Dei,
237 4120 307 4191 quia
322 4120 455 4177 uidelicet
472 4122 592 4194 dignum
608 4138 665 4176 non
677 4125 721 4175 εει
733 4124 821 4175 toute
834 4114 983 4189 maiestati
1034 4115 1126 4172 eitum
1144 4117 1317 4185 ascenderit,
1334 4119 1504 4191 dissipetur,
1519 4125 1548 4176 et
1563 4122 1669 4177 nebule
1689 4138 1778 4180 mene
1794 4124 1856 4180 deu-

156 4211 272 4264 utente
288 4208 476 4281 conspectum
493 4211 642 4266 memorie
654 4211 719 4283 ejus
739 4212 838 4281 pareat
850 4206 906 4273 lile,
923 4222 982 4263 non
1033 4206 1284 4270 sstn,solieradiis
1295 4208 1516 4282 abstergitaret
1527 4211 1673 4267 matutino
1688 4226 1753 4269 rore
1771 4213 1856 4269 herbe

155 4294 252 4354 dicam
268 4297 361 4366 horno,
376 4300 427 4355 sed
444 4300 544 4372 reptile
573 4304 658 4356 tante
684 4298 867 4371 abjectionis,
883 4298 980 4369 cuius,
1032 4294 1173 4368 gaudens,
1191 4296 1286 4353 suhlto
1312 4298 1406 4355 calore
1430 4299 1576 4368 eieoeiur3
1598 4300 1640 4356 sie
1663 4304 1693 4356 et
1713 4315 1854 4375 spumoso

151 4390 184 4441 ut
199 4384 402 4460 supradictum
419 4394 473 4456 eet,
486 4411 501 4439 o
512 4389 635 4445 dulcedo
646 4395 691 4446 est
702 4388 903 4445 permisi-e
917 4389 979 4447 Non
1031 4400 1174 4458 equarum
1191 4385 1277 4443 liulire
1290 4392 1422 4445 certatim
1448 4392 1604 4462 prodeunt,
1616 4396 1643 4446 et
1662 4393 1797 4448 certatim
1814 4390 1853 4448 di·

154 4474 455 4549 sit‚·inquam,«in
484 4479 695 4543 recordatione,
724 4478 775 4533 εει
805 4468 1852 4547 contet-erupitruptedepereunt,rethumiliabuntureicutorontes

149 4564 233 4636 quest
251 4564 361 4638 lignum
377 4566 605 4636 infructuosum,
635 4566 699 4621 uid
728 4570 772 4622 est
795 4583 853 4623 non
874 4567 970 4624 solnm
1026 4565 1153 4621 subaudi
1167 4565 1276 4637 quilius
1292 4566 1348 4639 ipsi
1367 4568 1675 4626 innitunturtomnte
1698 4570 1778 4626 enlm
1803 4576 1854 4625 ter

147 4656 317 4712 succidetur
328 4671 379 4729 per
392 4656 689 4722 cernisrnortem,sed
702 4660 730 4713 et
743 4662 910 4715 conteretur
921 4675 970 4732 per
1025 4667 1096 4710 rens
1111 4654 1195 4727 quest
1211 4652 1412 4726 humiliantur,
1428 4657 1574 4731 videlieet,
1599 4659 1670 4731 quia
1698 4661 1852 4716 transeunt

146 4748 283 4802 eternum.
300 4746 530 4814 damnationem,
543 4770 557 4798 «
570 4747 653 4817 quasi
669 4745 781 4819 lignum
811 4746 971 4805 intructuo-
1022 4748 1089 4815 ipse
1104 4745 1567 4817 clementemqueimmutentur.
1583 4750 1623 4804 Aa
1639 4749 1664 4805 ni
1681 4755 1782 4821 operte
1810 4748 1848 4805 di·

144 4846 222 4900 sum,
240 4856 254 4883 »
270 4836 407 4900 subaudi,
423 4841 452 4891 et
475 4832 540 4890 ideo
562 4835 630 4907 jure
659 4834 882 4906 succidendum,
899 4838 966 4893 etin
1022 4829 1307 4892 retzstereomnioo
1322 4842 1482 4908 nequeunt,
1498 4836 1769 4912 qoielpsaquoque
1785 4839 1848 4912 qul·

143 4918 242 4992 ignem
259 4923 445 4983 mittendum.
462 4923 496 4981 Et
511 4940 576 4981 vere
590 4923 816 4982 intructuosum.
1021 4927 1077 4982 isus
1089 4925 1255 4979 innituntur
1270 4924 1676 4997 rugiantattumittabnntur,
1692 4929 1849 5001 uinquam,

178 5008 265 5070 lines.
281 5015 361 5072 tt-
378 5014 460 5073 Perit
473 5018 550 5074 enim
568 5017 707 5087 sterilem,
723 5016 753 5074 ld
770 5022 815 5074 est
828 5016 899 5074 invit
913 5018 964 5076 de·
1020 5039 1035 5067 «
1050 5019 1080 5071 ει
1094 5014 1272 5081 colerentur,
1289 5015 1367 5071 siout
1381 5015 1491 5082 omnia,
1508 5044 1521 5069 ι»
1538 5015 1682 5086 videlicet,
1698 5020 1768 5091 qula
1793 5036 1848 5076 non

141 5099 348 5163 testationibus
363 5121 492 5177 carnem,
522 5124 585 5180 que
613 5108 724 5164 nullam
747 5107 841 5181 gignit
856 5108 962 5166 bonam
1019 5105 1129 5161 herent
1142 5102 1167 5159 ei
1185 5103 1235 5175 qui
1248 5105 1293 5159 eet
1305 5105 1513 5175 superomnia.
1530 5130 1544 5161 e
1559 5106 1591 5161 ttt
1607 5104 1684 5162 sicut
1695 5108 1849 5165 summita-

141 5192 355 5263 oogitetionem.
386 5220 400 5248 «
428 5196 574 5266 sterilem,
609 5219 623 5248 i
662 5198 837 5270 inquom,st
866 5212 963 5271 «que
1018 5193 1309 5267 tesspicerum,„ld
1335 5198 1377 5249 est
1402 5192 1508 5261 ariste,
1535 5193 1668 5252 videlicet
1693 5212 1761 5269 quas
1783 5212 1847 5255 eon·

138 5295 195 5337 noe
213 5281 298 5355 perit,
317 5308 331 5336 »
346 5284 374 5341 ld
392 5293 436 5343 εει
451 5300 516 5359 quas
531 5300 682 5359 nunquam
698 5286 806 5342 deeinit
822 5302 887 5344 esse
903 5292 960 5344 ete·
1013 5286 1123 5357 juncte
1141 5283 1295 5355 prodeunt,
1306 5278 1355 5338 sed
1365 5280 1510 5356 peuietim
1524 5284 1680 5342 crescendo
1693 5285 1845 5361 paulisper

137 5370 211 5438 rille,
225 5376 275 5430 ead
294 5382 457 5451 perseverat
478 5376 507 5434 in
529 5377 592 5435 suis
618 5376 873 5448 concupiscentiis.
898 5376 960 5434 citt
1016 5372 1052 5431 eb
1067 5374 1189 5430 invicem
1202 5373 1323 5429 hirsute
1333 5376 1362 5429 et
1374 5370 1709 5449 rigidaedlsjuoguntur,
1719 5374 1763 5433 sio
1775 5376 1844 5451 ipsi,

135 5460 518 5536 vidnrcbeneuonlerii,»
536 5467 563 5525 id
588 5473 634 5526 est
655 5468 758 5525 anime
783 5480 841 5526 stre
866 5468 961 5527 noluit
1014 5464 1065 5538 qui
1088 5464 1197 5520 nnture
1221 5462 1337 5533 quidem
1367 5462 1575 5520 communione
1604 5461 1662 5521 elbl
1691 5468 1844 5540 conjuncti

139 5551 280 5611 misereri.
294 5557 398 5627 Quem,
412 5559 483 5635 quie
497 5574 514 5616 a
528 5558 587 5616 Deo
611 5558 732 5617 ·ridueta
759 5558 863 5635 tuerat,
878 5560 959 5617 Chri·
1013 5565 1091 5628 eunt,
1107 5555 1158 5613 sad
1175 5558 1278 5613 eontra
1291 5571 1323 5613 se
1337 5555 1468 5615 vicissim
1479 5556 1638 5616 uresoendo
1653 5556 1841 5634 dividuntur,
