3826 6014
90 206 166 265 teet
632 206 806 268 RUPERTI
828 204 991 267 lectuls
1013 201 1253 266 uut'rmttsls

94 338 439 409 Utergoveterrsprurita
452 339 550 395 cordis
562 339 746 403 etnuris,non
757 354 841 394 ttures
853 355 914 395 cor·
930 340 958 408 Α
972 343 1029 393 tem
1048 337 1090 392 illi
1109 337 1204 392 rivum
1223 338 1445 394 demonstravit.
1461 338 1545 394 Altus
1556 343 1620 395 erat
1636 342 1785 409 puteus,de
1821 334 1824 339 ’

96 428 420 500 disetcorporisllectas
433 430 468 484 ad
482 430 713 486 auresromorie.
724 429 751 483 Si
767 429 838 485 levis
849 446 920 485 eure
975 444 1032 499 que
1047 429 1141 482 Mases
1157 427 1185 481 in
1198 428 1312 484 deserto
1326 429 1464 484 canebat:
1480 428 1614 484 escendat
1623 434 1721 500 patens
1730 446 1784 485 eon·

97 517 337 575 exsulllsveritab
348 524 446 575 austro
459 519 575 588 laveris,
587 537 645 575 non
661 524 689 576 te
701 520 798 575 ilectet
810 535 827 574 a
834 520 920 590 justi·
974 516 1122 571 cinnabant
1140 518 1233 588 (Nam,
1254 518 1324 589 aar),
1337 523 1367 573 et
1382 523 1493 573 cetera.
1510 517 1603 574 letum
1616 524 1734 591 puteum
1749 520 1782 574 al·

98 609 138 664 tia
155 611 249 680 gretie
264 610 348 665 l'alsa.
357 609 385 665 ei
397 610 489 666 durus
498 610 601 666 boreas
615 610 706 665 irruat
722 608 863 682 procellas
876 609 920 664 in·
974 609 1037 660 tum
1048 611 1078 661 et
1093 606 1272 677 protundum
1283 606 1432 678 sapientie
1444 606 1495 664 Dei
1507 607 1662 674 effodiunt,
1674 609 1783 679 quicun-

98 698 248 766 tentande,
263 699 409 771 nequesic
420 716 436 755 s
447 703 526 755 recto
548 701 663 755 tramite
674 698 783 754 violens
795 705 822 754 te
834 699 919 755 turbo
974 710 1030 766 que
1046 696 1168 767 cupiunt
1183 695 1244 750 lieri
1261 695 1422 768 sapientes,
1439 704 1526 768 atque
1540 700 1693 769 stupentes
1707 714 1783 769 super

98 786 545 861 repellatllstaliavenitas,qtrid
558 789 745 846 lemavanius
756 788 818 844 est‘?
831 789 920 845 Fama
975 792 1032 839 tam
1049 783 1107 839 alto
1123 790 1149 839 et
1173 782 1318 854 protunda
1334 783 1509 853 exclamant,
1525 785 1593 855 quis
1608 783 1783 856 investigabit

98 893 166 932 suas
181 893 267 931 auree
282 879 394 934 cunctis
406 879 609 934 accommodat
623 878 819 933 sermonibus.
831 878 919 933 Audit
974 872 1440 945 tantumaltitudinemsapieutim
1456 882 1482 929 et
1494 872 1625 930 scientias
1640 874 1782 930 Dalilae

97 963 174 1021 lema
184 970 268 1020 tuum
282 982 398 1022 servum
418 967 640 1023 maledicentem
653 967 715 1023 tibi.
728 967 781 1032 Qui
794 966 919 1022 nimium
975 963 1050 1033 putei
1066 962 1189 1019 abraha
1204 968 1273 1018 eunt
1290 967 1349 1018 tres
1362 962 1440 1034 putei
1456 963 1700 1036 sapientissime
1714 965 1781 1037 putei

97 1054 920 1127 lamaecredit,quidillovaniusts‘itibitortassiseritiams
974 1058 1201 1110 sunttresartes
1216 1053 1551 1125 qunshabctsapientie,
1569 1055 1782 1121 maraliscam·

97 1144 276 1212 nuntiaveri,
292 1147 369 1217 quod
386 1145 437 1201 tibi
449 1146 598 1202 lertetaus
608 1145 793 1201 maledixerit
807 1161 919 1213 servus,
974 1142 1054 1209 ralis,
1067 1141 1229 1197 rationalis.
1242 1146 1300 1196 llos
1316 1142 1409 1197 altum
1421 1147 1510 1215 atque
1525 1143 1703 1213 profundum
1717 1143 1782 1215 ipses

96 1233 920 1306 estipsetibijudex,aesisvindex,tejadice‚demnendo
974 1230 1783 1304 etiamphilosophosdeterruit,ctusquequaquerepres-

98 1324 619 1398 servunnateerittemansionatqai
628 1325 718 1382 alium
726 1325 918 1383 maledixeris.
974 1321 1022 1377 eit.
1035 1321 1256 1385 Socratesenim
1268 1320 1424 1377 deterritus
1433 1338 1449 1375 e
1458 1321 1781 1395 philosophando,vide·

419 1416 532 1471 CAPUT
549 1417 595 1471 lv.
974 1408 1039 1465 lieet
1054 1409 1132 1481 qarod
1143 1408 1230 1465 lateat
1243 1409 1388 1481 snpientia
1418 1415 1500 1467 teuto
1517 1415 1590 1467 tecta
1601 1412 1781 1483 prolundact

137 1503 208 1559 Vidit
234 1504 314 1561 laceb
338 1505 451 1572 scalam,
467 1507 589 1562 deterre
604 1521 688 1577 ivsqve
707 1505 750 1561 ad
772 1504 879 1572 calam,
895 1507 920 1560 et
975 1498 1059 1570 quasi
1075 1498 1211 1570 protectis
1226 1497 1316 1556 armis
1331 1499 1394 1554 siae
1408 1499 1503 1571 gloria
1518 1499 1592 1556 nihil
1606 1516 1638 1556 se
1648 1501 1730 1568 scire,
1749 1501 1783 1555 in·

97 1593 270 1649 ascendentes
276 1609 326 1665 per
339 1608 400 1649 earm
414 1595 529 1663 anpetos
544 1601 571 1649 et
585 1593 785 1662 msaendmtea,
800 1603 827 1649 et
840 1593 921 1649 desn-
974 1589 1048 1660 quit,
1064 1587 1121 1644 nisi
1134 1588 1213 1660 qood
1229 1604 1261 1643 se
1277 1588 1390 1644 nescire
1406 1588 1525 1645 sciebat.

97 1694 148 1754 per
162 1681 326 1739 innitentem
342 1684 489 1740 Dominam
504 1685 587 1755 (Gen.
599 1683 706 1755 xxvtrt),
719 1688 749 1739 ut
760 1682 847 1739 lassis
862 1699 921 1739 me·
1009 1677 1096 1733 Vtut·
1108 1677 1154 1741 96,
1170 1677 1215 1732 27·
1233 1708 1265 1718 -
1283 1678 1415 1734 lustravi
1428 1680 1559 1736 &nivella
1573 1679 1671 1736 animo
1685 1696 1750 1747 ”twa
1763 1684 1785 1735 ll

98 1788 169 1827 num
180 1773 351 1845 porrigeret,
364 1779 395 1828 ut
406 1774 598 1829 ascendentes
608 1773 704 1829 suoad
718 1770 845 1829 laborem
859 1788 924 1845 pro·
974 1765 1085 1835 sairam,
1101 1771 1127 1821 at
1141 1766 1357 1836 considerarem,
1368 1775 1394 1823 et
1407 1783 1562 1840 quaererem
1569 1769 1747 1840 sapientiam,
1763 1778 1783 1825 et

96 1863 368 1935 vocaretexemplo‚
381 1864 459 1918 unde
470 1868 499 1919 et
515 1868 636 1918 vocetur
648 1862 731 1918 locus
748 1862 794 1918 ille
809 1862 921 1933 Batnai,
974 1857 1122 1923 rationem,
1138 1860 1162 1911 et
1182 1857 1212 1910 nt
1230 1871 1419 1926 capitoscerem
1437 1859 1606 1927 impietatem
1622 1857 1704 1913 stulti
1720 1860 1783 1916 stt

98 1951 126 2006 id
140 1960 184 2008 est
197 1952 292 2008 domas
308 1952 367 2018 liei,
384 1952 414 2007 in
426 1969 484 2024 qua
496 1952 627 2024 quetidie
643 1951 813 2008 ascenditur
823 1956 852 2006 et
867 1952 923 2006 de·
974 1951 1000 2000 et
1014 1960 1135 2000 errarem
1151 1945 1382 2017 impendentium,
1393 1948 1524 2003 etinueni
1534 1947 1702 2004 amariorem
1714 1953 1788 2005 marte

97 2041 651 2097 scanditur.tltenimsancticorruuntsi
663 2039 925 2112 fuerintnegligen-
974 2035 1133 2101 mulierem,
1150 2050 1209 2106 qnae
1225 2036 1338 2107 inerrans
1354 2041 1512 2093 renatorum
1527 2042 1613 2105 estet
1628 2055 1730 2107 sapena
1752 2054 1788 2094 ater

98 2135 184 2194 tecet
196 2137 361 2201 peccatores
372 2130 528 2202 pristinum
539 2130 684 2202 recipiunt
695 2130 817 2201 gradum
828 2128 851 2183 si
860 2131 923 2184 fue·
975 2125 1045 2194 eins,
1061 2125 1172 2180 vineola
1186 2128 1251 2181 sunt
1264 2142 1364 2180 manns
1377 2125 1457 2182 illins
1470 2143 1478 2194 ;
1495 2128 1544 2198 qni
1552 2128 1650 2198 placet
1662 2129 1723 2195 Dee,
1735 2129 1790 2198 epu·

99 2219 158 2274 rint
176 2219 317 2288 conversi,
333 2224 362 2274 et
377 2219 479 2274 sordes
494 2219 614 2274 lletibus
635 2218 769 2274 laverint.
783 2218 842 2273 lloc
858 2218 923 2274 ideo
974 2216 1029 2287 piet
1048 2217 1127 2272 illam
1141 2235 1148 2284 ;
1164 2217 1213 2288 qni
1227 2222 1321 2272 antem
1338 2221 1462 2288 peccator
1480 2227 1531 2285 ert,
1547 2219 1676 2291 capietur
1689 2220 1723 2275 ab
1737 2219 1789 2275 illu.

101 2308 177 2378 dioc,
192 2325 248 2362 aon
262 2309 464 2363 utdeterream
479 2308 702 2376 descendentes,
716 2308 765 2362 sed
779 2313 923 2380 utprovo·
975 2305 1066 2361 Curru
1076 2304 1274 2374 intelligentiae
1290 2322 1349 2361 sue
1365 2307 1472 2362 mentis
1484 2308 1724 2380 pedibus‚omnie
1736 2326 1789 2381 que

101 2412 163 2452 cem
181 2397 543 2468 ascendentesNunquam
556 2397 619 2468 jure
634 2395 923 2468 amalisexemplum
976 2395 1051 2450 liunt
1076 2393 1270 2465 perlustrans,
1297 2400 1325 2450 et
1341 2395 1494 2467 requirens
1510 2396 1717 2463 Ecclesiastes,
1733 2397 1788 2464 scit,

102 2484 239 2552 sumitur,
265 2484 353 2540 etiam
381 2485 410 2540 in
428 2484 529 2540 seculi
545 2486 633 2541 rebus
648 2501 795 2557 sempera
811 2484 923 2541 meliori
976 2483 1386 2553 considerat,in‹miritsensu,
1400 2490 1472 2556 arte,
1489 2486 1551 2542 sivo
1566 2485 1668 2543 labore
1681 2486 1791 2559 qoideit

102 2580 184 2646 purte
196 2573 387 2630 incitamenta
398 2574 627 2632 virtutumsuat.
639 2573 755 2630 Oblitus
770 2574 923 2645 propostti,
978 2573 1133 2645 sapientia,
1150 2573 1186 2628 dc
1202 2590 1260 2645 qua
1274 2573 1374 2630 omnia
1387 2574 1484 2630 fluunt
1498 2592 1562 2647 quae
1579 2576 1616 2632 ab
1635 2576 1716 2633 initio
1726 2576 1791 2633 laets

102 2663 301 2735 stepistolarls
312 2663 922 2736 brevitatis,pluradicereadtecupiebam,
976 2667 1055 2729 sunt,
1072 2667 1100 2718 et
1123 2662 1193 2734 quid
1212 2661 1393 2719 sithominis
1408 2665 1482 2720 ratio
1496 2665 1591 2722 lluens
1605 2666 1644 2723 ds
1659 2666 1738 2722 lente
1751 2683 1791 2722 ss·

100 2752 924 2826 lraterebarissimeGregoriAdmateriequippedignita·
976 2754 1102 2826 pientia.
1119 2754 1179 2809 Scit
1194 2754 1401 2826 etiamquanta
1419 2756 1461 2811 'sit
1480 2755 1619 2828 impietas
1638 2757 1790 2814 hominissi

99 2843 388 2911 tem,etsdmeritum
397 2841 923 2914 personetumparumestomnequod
976 2842 1270 2914 stultusetinsipiens
1279 2843 1542 2917 efficiaturpassus
1553 2847 1582 2902 in
1595 2863 1628 2902 se
1637 2853 1792 2919 torpescere

98 2932 275 2990 dieitur.Sed
288 2934 572 2989 redeamusnuncad
585 2933 778 2988 Ecclesiasten
790 2937 923 2988 nostram
977 2932 1126 3004 ingenium
1140 2937 1262 2999 naturae,
1279 2938 1444 3004 etquantus
1454 2934 1581 2991 siterror
1591 2935 1790 3009 imprudenter

131 3021 217 3079 Vens.
234 3024 279 3088 24,
294 3024 340 3089 25,
351 3052 378 3062 -
401 3022 507 3077 Curicta
524 3023 631 3078 tentari
642 3021 673 3076 in
684 3023 832 3091 sapientia.
844 3021 922 3077 piat:
976 3022 1153 3094 sapientum,
1166 3021 1190 3078 si
1206 3022 1365 3079 scintillent
1380 3023 1534 3096 sapientise
1549 3026 1585 3081 ab
1598 3024 1669 3098 igne
1686 3027 1792 3083 micen-

95 3113 213 3183 Sapiens
236 3109 355 3181 efficiar,
371 3119 397 3164 et
413 3111 474 3181 ipsa
489 3109 597 3180 lanpina
612 3111 722 3166 recessit
736 3128 753 3165 a
768 3126 819 3166 me.
836 3093 955 3167 ldultoss
976 3116 1033 3167 tem
1058 3112 1250 3184 exstinguunt
1277 3110 1306 3166 in
1336 3128 1368 3169 se
1383 3112 1558 3186 insipienter
1573 3114 1708 3173 vivendo.
1729 3117 1793 3172 Ecce

95 3202 184 3269 mepta
200 3216 282 3270 qaam
295 3208 365 3267 erat,
380 3204 404 3253 et
416 3200 473 3254 atta
483 3200 667 3272 profunditas,
688 3200 750 3272 qaia
768 3202 918 3273 inoestipa-
971 3206 1043 3272 quot
1059 3199 1307 3257 mulchumanam
1319 3201 1553 3259 circumveniunt
1564 3204 1667 3260 vitam.
1683 3204 1794 3272 Ouiim·

97 3290 136 3344 bit
152 3289 302 3360 [inveniat]
316 3304 376 3344 eam
388 3288 402 3343 i
415 3292 508 3355 Quem
525 3290 597 3345 bene
612 3290 697 3346 homo
712 3296 815 3363 tentet,
831 3292 918 3364 quid·
971 3289 1038 3362 pius
1053 3294 1108 3359 est,
1122 3295 1172 3345 sut
1188 3290 1240 3362 qui
1250 3294 1329 3347 errat
1340 3290 1539 3362 imprudenter
1550 3293 1633 3349 illius
1646 3293 1705 3351 vita
1720 3311 1792 3352 mers

97 3378 166 3451 quid
178 3376 208 3432 in
225 3377 371 3449 sepientis
384 3380 501 3434 tentat?
516 3379 605 3442 Quasi
620 3378 670 3435 lux
685 3388 728 3436 est
743 3381 854 3436 hortiini
871 3398 918 3437 sa·
970 3394 1035 3435 esse
1049 3395 1150 3435 smera
1162 3380 1328 3451 putatur.ln
1344 3379 1483 3437 omnibus
1494 3381 1582 3438 rebus
1594 3383 1669 3440 nihil
1679 3389 1794 3457 estgra·

98 3466 217 3540 pientia,
235 3472 320 3539 atque
335 3470 394 3523 dux
408 3468 519 3526 viandi.
536 3468 590 3538 pet
604 3470 633 3524 in
650 3471 711 3526 tace
725 3471 862 3541 stabulat,
878 3470 919 3528 alt
969 3468 1038 3525 vius
1054 3468 1205 3525 mortalit
1220 3473 1317 3524 tamen
1334 3474 1427 3526 morte
1441 3474 1486 3526 est
1500 3470 1619 3543 gravior
1633 3474 1793 3530 amaritudo

97 3557 250 3626 Dominus,
274 3572 330 3611 non
344 3557 456 3629 attendit
471 3559 562 3628 (ioan.
578 3558 629 3630 ιιι).
644 3559 697 3623 Oai
713 3560 811 3616 omnia
825 3564 919 3617 tentat
972 3557 1116 3614 mulieris.
1141 3557 1210 3613 lnde
1239 3562 1394 3615 venatores
1420 3559 1522 3631 laqueo
1537 3565 1641 3619 texunt
1655 3569 1685 3619 et
1700 3563 1792 3626 retia:

96 3647 125 3701 in
140 3646 295 3718 sapientia,
310 3646 378 3718 quid
391 3646 518 3719 amplius
530 3652 608 3718 optat
618 3664 704 3720 quam
713 3649 774 3705 iteri
787 3650 915 3721 sapione,
971 3637 1025 3717 itti,
1037 3647 1342 3718 inquam‚enimsrum
1356 3653 1523 3706 nostrarum
1534 3651 1741 3720 ventilatores,
1750 3652 1795 3724 qui

97 3739 129 3790 ut
143 3736 241 3792 omnia
257 3741 347 3792 tentet
361 3736 533 3809 sapienter?
546 3736 598 3793 llic
614 3736 695 3794 labor
709 3744 763 3794 est.
781 3740 919 3795 ldeoore·
976 3736 1213 3793 circumveniunt
1224 3737 1347 3809 nos,qui
1359 3755 1412 3794 nos
1422 3739 1737 3814 indagineeingunt,et
1751 3758 1792 3798 cs·

95 3826 145 3881 bat
159 3831 272 3882 amator
286 3826 445 3898 sapientie,
457 3826 577 3882 dicens:
595 3827 634 3882 lla
649 3829 730 3896 mibi,
745 3828 869 3894 Domine,
880 3845 920 3886 se·
970 3825 1056 3896 piunt
1072 3825 1228 3897 laqueis,et
1243 3825 1369 3883 vinculis
1384 3831 1540 3885 retentent.
1556 3830 1638 3886 Talis
1650 3833 1706 3901 [ait
1721 3832 1794 3888 ralu-

93 3915 169 3971 diam
185 3924 296 3971 tuarum
307 3915 648 3988 assistricemsapientiam
661 3917 842 3988 (Sap.1r).ut
857 3933 917 3974 me·
967 3919 1156 3970 atasaenatur
1179 3930 1272 3970 coram
1296 3915 1409 3972 Domina
1434 3917 1716 3993 Nemratltlden.x)‚
1747 3918 1793 3993 qui

93 4006 217 4074 comsit,
229 4008 261 4060 ut
277 4022 390 4062 mecum
405 4004 525 4062 laboret.
542 4006 632 4076 Igitur
649 4004 748 4062 nullus
764 4006 851 4062 bomo
867 4024 916 4063 sa·
973 4005 1087 4076 primus
1116 4003 1309 4076 Babyloniam
1324 4006 1497 4062 construxit.
1513 4007 1576 4064 Non
1588 4013 1633 4064 est
1649 4009 1792 4066 vinculum

92 4095 177 4165 piens
193 4110 257 4149 esse
272 4100 366 4165 potest
381 4095 611 4166 absquelabore.
628 4095 657 4150 Si
669 4096 768 4152 dixero
780 4112 787 4151 :
801 4096 916 4168 Sapiens
970 4093 1014 4150 vel
1030 4094 1131 4166 gluten
1141 4092 1236 4149 ullum
1249 4096 1382 4152 tenacius
1394 4111 1481 4166 quam
1495 4098 1733 4170 amormulieris,
1743 4114 1794 4172 quc

93 4184 212 4253 efficiar,
229 4184 288 4253 ipsa
303 4185 412 4252 tonpias
422 4184 527 4240 recalet
539 4201 617 4255 anae,
636 4185 714 4241 inire
728 4203 759 4241 se
775 4186 916 4242 cohibens
969 4201 1025 4243 non
1041 4188 1086 4240 est
1097 4183 1264 4240 amaritudo
1277 4185 1381 4256 major.
1400 4187 1470 4244 Eece
1484 4187 1551 4260 «tuis
1567 4190 1792 4247 amaritudinem

95 4276 210 4328 nostres
227 4271 368 4343 sapientia
381 4274 467 4329 vires.
484 4273 538 4337 Qut
553 4276 631 4330 euim
648 4275 742 4331 mults
756 4276 843 4347 sapit,
861 4275 915 4330 mi·
970 4290 1029 4330 non
1053 4273 1182 4346 gustavit
1204 4273 1362 4331 molieris?
1377 4276 1465 4332 Evam
1481 4277 1618 4335 diabolus
1635 4281 1753 4337 seduxit
1765 4281 1792 4335 in

97 4377 153 4416 nus
169 4360 224 4416 sibi
239 4360 313 4417 seire
326 4361 449 4433 videtur,
461 4371 488 4417 et
504 4362 672 4436 quicunque
696 4366 752 4420 seit
765 4365 842 4436 quod
863 4381 916 4420 ne·
972 4363 1119 4436 paradiso,
1136 4367 1224 4433 stoue
1241 4380 1292 4434 per
1304 4379 1367 4420 eam
1381 4365 1580 4438 protoplastus
1595 4369 1739 4442 expulsus
1754 4374 1795 4426 est

95 4450 236 4519 sciat,ille
250 4450 305 4506 sibi
316 4451 424 4506 sciolus
438 4452 632 4508 essevidetur.
643 4453 711 4510 lnde
725 4455 858 4526 estquod
870 4455 920 4525 qui
936 4444 960 4509 ll
975 4451 1050 4525 (Gen.
1068 4453 1122 4524 m),
1148 4469 1198 4524 per
1211 4469 1271 4509 eam
1289 4471 1362 4511 murs
1387 4457 1511 4513 introivit
1525 4456 1555 4511 in
1571 4459 1709 4515 mandant
1725 4461 1795 4532 (Sap.

101 4539 163 4595 vult
177 4539 295 4608 sapiens
312 4539 385 4603 llari,
401 4540 599 4612 licclesiastca,
616 4544 755 4599 attonitus
772 4551 860 4614 etque
878 4543 921 4598 vi·
976 4544 1016 4613 ιι).
1033 4543 1104 4608 Quis
1118 4541 1245 4613 sapiens,
1264 4543 1329 4614 quis
1347 4544 1440 4614 lortis,
1456 4546 1524 4617 quis
1541 4552 1663 4604 sanctus
1679 4549 1796 4621 laqueos

101 4633 166 4684 ctus
182 4628 263 4700 gravi
275 4628 374 4685 labore
384 4630 604 4701 sapiendiplte,
617 4631 722 4703 inquit,
736 4632 921 4703 profunditas,
978 4631 1109 4687 mulieris
1124 4631 1237 4687 evasit?
1251 4633 1374 4705 sapiens
1386 4633 1441 4689 tuit
1455 4635 1601 4705 Salomon,
1618 4637 1796 4695 fortissimus

101 4720 162 4790 peis
173 4717 353 4790 inoestipabit
365 4722 449 4774 eam?
464 4719 572 4776 Paulas
589 4720 740 4792 apostolus
753 4725 782 4776 et
796 4720 860 4793 ipse
875 4738 922 4777 cu·
976 4721 1110 4785 Samson,
1126 4736 1220 4793 neque
1231 4727 1328 4778 tamen
1345 4723 1418 4779 retia
1437 4725 1570 4781 mulieris
1585 4734 1754 4785 evaserunt.
1766 4729 1797 4785 et

100 4808 185 4879 piens
200 4807 337 4863 insistere
352 4808 408 4863 iter
418 4808 562 4879 sapiendi,
575 4815 604 4865 et
617 4809 799 4865 recedentem
813 4827 924 4866 esesa·
978 4808 1065 4864 David
1096 4809 1144 4881 qui
1161 4810 1215 4865 luit
1230 4812 1394 4868 secundum
1411 4830 1461 4870 cor
1476 4814 1526 4870 Dei
1541 4813 1647 4887 laqueo
1664 4817 1797 4875 muliebri

102 4896 239 4970 pientiam
257 4901 354 4952 mente
369 4912 507 4968 sequens,
526 4903 554 4954 et
568 4897 788 4971 apprehendere
801 4916 858 4955 non
874 4917 921 4956 va·
978 4904 1140 4970 captasset.
1157 4899 1213 4955 Sed
1230 4899 1373 4957 liberatus
1388 4902 1487 4959 canit:
1504 4903 1718 4962 Animencstra
1732 4911 1799 4964 sicut

101 4985 176 5053 lens,
191 4985 489 5044 clamabataltissimc
499 5004 577 5055 voce,
590 4989 708 5045 dicens:
721 4994 746 5046 0
754 4989 924 5060 profundum
975 4996 1173 5060 passererepta
1186 4997 1225 5045 ert
1235 4989 1268 5045 de
1278 4991 1375 5062 laqueo
1389 4994 1681 5066 amanteumtaqaear
1696 5000 1799 5054 catatri-

100 5075 264 5130 dioitiarnm
288 5078 435 5149 sapientiae
451 5077 510 5142 bei,
526 5094 609 5149 paam
629 5078 925 5149 incomprehensibilia
979 5081 1022 5132 las
1035 5086 1084 5140 est,
1101 5083 1127 5133 et
1138 5094 1199 5145 ires,
1211 5079 1324 5135 liberati
1334 5096 1429 5136 sternas
1444 5083 1531 5151 (Psal.
1547 5085 1659 5154 cxarrt).
1675 5087 1797 5144 Samson

99 5177 163 5220 sant
184 5164 289 5234 inticis
303 5167 371 5238 ejas,
398 5171 424 5221 et
448 5168 656 5236 inueslipebr'tes
672 5169 722 5223 uie
736 5168 815 5237 ejarl
833 5168 923 5240 (dom.
979 5183 1065 5239 quem
1075 5166 1180 5239 laqueo
1188 5167 1281 5224 Dalils
1295 5170 1469 5226 constrinxit
1480 5176 1509 5228 et
1521 5173 1730 5240 viuculie,sero
1742 5195 1801 5249 pro·

98 5253 149 5322 ιι.)
160 5257 252 5316 Quam
265 5253 367 5308 multis
380 5251 698 5323 locisnotatSeripturs
709 5245 763 5308 boc
778 5252 870 5310 altum
883 5259 924 5311 at·
980 5257 1058 5312 bavit
1072 5257 1150 5329 qued
1166 5256 1272 5313 mulier
1282 5259 1408 5316 amarior
1418 5266 1496 5317 esset
1513 5268 1605 5319 morte
1615 5263 1717 5325 tenete.
1734 5272 1801 5337 aral.

99 5358 155 5411 que
168 5343 356 5410 praetendam,
371 5357 429 5410 quo
442 5340 511 5395 latet
527 5340 671 5410 sapientie
685 5341 737 5397 llei
753 5341 838 5413 longe
849 5360 865 5399 a
877 5360 926 5401 ne-
982 5345 1190 5415 lpseSelomon
1202 5346 1418 5420 captuslaqueo
1430 5349 1587 5407 mulierum
1597 5355 1725 5411 adorans
1737 5359 1805 5414 dees

102 5433 146 5487 bis
163 5433 300 5488 recedens
311 5432 325 5487 i
336 5430 420 5486 Altus
435 5434 498 5487 eret
514 5442 630 5502 puteus,
646 5450 733 5504 quem
749 5435 855 5491 mulier
870 5437 925 5492 Ss-
980 5437 1308 5509 aliencsostenditquod
1323 5440 1807 5504 amariorestmulisrmalamorte

102 5519 247 5573 maritans
262 5518 381 5573 bibebat
392 5517 481 5588 (toan.
494 5518 551 5585 rv);
569 5520 617 5575 sed
630 5520 750 5576 veniens
764 5521 852 5579 iesus
864 5523 925 5580 lon·
982 5525 1029 5594 (lll
1045 5525 1108 5594 ltep.
1124 5526 1174 5596 ιιι).
1191 5525 1294 5585 Nullus
1308 5534 1405 5583 tamea
1422 5528 1589 5588 existimare
1603 5531 1692 5591 debet
1706 5551 1807 5610 repro·
