3826 6014
112 233 171 301 863
664 218 831 285 autenm
852 212 1022 280 asetsis
1043 215 1269 280 sutriensis
1759 207 1818 271 ddi

111 338 196 403 riom,
212 335 304 398 sitim,
329 336 506 404 ceterasque
522 328 666 396 miserias,
682 333 711 385 et
732 326 768 384 ad
795 324 932 382 ultimum
949 323 1048 394 Aque
1062 321 1194 381 videlieet
1209 321 1296 379 verbo
1312 318 1418 376 dilecta
1433 315 1542 374 dormit
1557 315 1770 374 dormitatione
1782 315 1821 373 sl·

112 430 205 501 ipsam
220 425 387 482 mortennsi
403 422 540 494 ergojam
557 422 586 476 in
603 421 653 476 tali
670 418 776 486 loeo,in
789 415 841 473 tali
858 431 941 487 pere·
993 409 1076 468 lentii
1091 411 1293 487 competentis.
1307 412 1336 468 si
1350 424 1428 466 nunc
1444 405 1664 465 sciscitantibus
1679 403 1775 474 vobis,
1792 407 1821 462 et

113 518 274 590 priuatione
287 514 448 572 cantabiles
459 524 527 569 sunt
538 510 940 584 justiilcstioneatuarqoan-
993 499 1043 558 illa
1058 502 1197 559 omnibns
1208 500 1494 575 respondente,iania
1510 496 1600 553 nimis
1615 494 1820 564 crebresceret,

113 611 142 664 to
158 605 297 679 magistri
314 606 429 661 celime
441 598 799 671 tua,tiomine?0uasvero
813 598 939 666 majores
993 596 1021 647 cl
1037 594 1165 650 llerodes
1182 609 1303 666 puerum
1317 586 1821 661 inveniretatqueoccideretlivan·

106 696 334 769 justificationes
346 701 402 752 tue·
417 689 936 765 suntjustisscstionibus,quashibe·
992 681 1066 753 gello
1083 678 1717 754 nondumconditoquomodojusJ'urandum
1727 690 1821 732 mcum

112 788 228 843 musve!
243 785 438 859 intelligimus
451 785 479 840 in
496 785 616 839 vocibus
629 782 705 848 istis,
716 796 780 851 que
800 779 939 834 dicuntur
991 779 1087 828 ratum
1104 773 1376 844 permansi-elmund
1390 769 1486 844 juravi
1498 769 1534 826 ad
1548 767 1695 825 Abrabam
1705 774 1817 839 patrem

111 879 230 936 Cantica
244 875 448 936 cantieoruml
471 878 563 949 igitur
587 874 658 931 totis
679 872 802 936 viribus,
823 871 937 927 eunctis
989 876 1131 939 vestrum,
1148 872 1176 928 in
1189 872 1245 929 istu
1261 866 1670 942 semineejusbenodicendas
1682 867 1819 922 loreum·

111 970 240 1027 extensis
264 968 417 1026 rationalis
433 963 864 1036 citharelsoilicetcorporiset
878 961 936 1019 sni.
989 979 1041 1020 nes
1064 963 1184 1035 gentes?
1198 963 1307 1020 idcirco
1324 961 1452 1036 perillus
1479 966 1577 1033 patres
1592 967 1716 1027 vestros,
1735 953 1816 1013 vobis

111 1064 178 1130 ms)
193 1060 303 1117 ssdibus
318 1059 389 1115 isias
401 1057 629 1129 justificationes
640 1060 707 1110 tues
722 1057 816 1125 empta
831 1053 936 1109 modu·
989 1054 1172 1121 reverendos,
1189 1054 1293 1125 adjuro
1308 1050 1455 1110 vos.Unde
1466 1058 1566 1125 patres
1579 1047 1622 1106 illi
1636 1045 1816 1121 capreaesivs

109 1149 219 1208 latione
229 1150 431 1215 decantemus,
446 1152 474 1204 te
485 1144 655 1218 adjuvante,
681 1150 781 1200 sancte
796 1141 934 1216 Spiritus,
988 1145 1091 1203 cervtl
1104 1144 1249 1202 Nimirum
1265 1162 1300 1203 ex
1314 1161 1349 1202 eo
1363 1144 1441 1217 quod
1452 1144 1531 1200 sicut
1544 1156 1654 1211 ospree
1671 1137 1813 1196 adinstar

110 1240 182 1312 quit
197 1239 338 1296 nimirum
348 1235 461 1294 toeltslc
476 1236 626 1292 Canticum
640 1233 688 1289 hit
703 1232 934 1288 assuescendum
987 1235 1083 1291 avium
1100 1237 1193 1291 ardua
1207 1242 1236 1292 et
1251 1236 1365 1292 excelsa
1380 1230 1649 1302 tenent,insublimi
1665 1227 1811 1285 ueniunt.

110 1336 167 1392 est.
179 1336 211 1387 ut
226 1330 379 1387 uobiscum
397 1326 522 1385 scientis
536 1325 580 1383 vel
591 1326 695 1382 notitia
705 1325 770 1396 ejus
784 1324 812 1378 in
825 1321 875 1377 illo
886 1338 935 1377 sm·
986 1332 1016 1383 et
1029 1326 1059 1383 in
1076 1327 1165 1399 petris
1179 1321 1617 1387 altissimiscommentariensis
1632 1318 1675 1376 ilii
1691 1333 1811 1376 trianen-

109 1419 176 1478 culo
188 1421 268 1493 juste
282 1417 596 1489 persevcret.Sscundae
616 1416 777 1490 perioches,
792 1413 820 1469 id
833 1418 877 1470 est
888 1430 933 1468 re·
986 1417 1046 1471 tem
1062 1431 1118 1471 non
1134 1414 1314 1489 quaesierant
1328 1411 1540 1477 civitatem,sed
1558 1407 1709 1466 meliorem
1725 1419 1810 1479 appe·

109 1512 329 1586 capitulationis
344 1512 473 1579 initium,
489 1511 545 1569 lioc
556 1514 619 1567 est:
633 1531 648 1560 a
664 1509 773 1581 adiuro
788 1523 850 1573 vos,
866 1505 933 1562 mis
985 1502 1106 1572 tlerunt,
1123 1503 1177 1563 boe
1205 1510 1251 1562 est
1273 1502 1422 1560 coelostem
1449 1500 1525 1572 (uec.
1540 1515 1583 1567 xi,
1608 1497 1664 1570 1³),
1682 1497 1712 1554 ln
1727 1510 1812 1553 casu·

112 1608 308 1682 Hierusalem,
325 1628 376 1682 per
389 1626 509 1683 cupreas
524 1623 683 1680 curvosque
698 1621 882 1680 camporum,
897 1620 933 1662 na
985 1601 1021 1659 lis
1037 1603 1244 1672 habitantes,el
1258 1602 1506 1674 conliteutssquis
1518 1595 1665 1673 peregrini
1681 1592 1813 1667 otbospi·

108 1701 365 1776 suscitetis,neque
379 1700 517 1771 evigilare
533 1699 648 1758 iacietis
663 1698 809 1766 dilectum,
824 1697 919 1769 quoad
945 1696 1028 1765 Bles
1043 1700 1112 1749 sunt
1126 1699 1348 1764 superterram,
1368 1700 1396 1749 et
1413 1691 1491 1748 sicut
1504 1688 1592 1759 cervi,
1608 1702 1677 1744 cum
1699 1683 1809 1759 aliquid

108 1807 202 1864 usque
216 1792 277 1866 ipsa
290 1792 367 1849 velit.
379 1814 394 1842 u
411 1793 483 1857 Quid
501 1807 578 1859 rope,
594 1805 714 1846 necesse
728 1787 780 1844 luit
796 1786 930 1843 dilectam
986 1783 1148 1854 serpentini
1159 1783 1274 1856 generis
1289 1781 1602 1847 comederintsumma
1615 1775 1750 1850 agilitate
1761 1774 1812 1831 ds·

109 1879 384 1940 dormireiliemini
399 1881 477 1938 enim
496 1897 598 1953 parum
615 1877 780 1936 necessaria
795 1877 850 1933 luit
867 1878 932 1950 ejus
985 1871 1276 1930 siderantveniread
1293 1873 1387 1929 lentes
1398 1886 1559 1945 aquarum:
1575 1869 1615 1924 ita
1630 1865 1673 1922 illi
1685 1865 1810 1923 scientes

107 1969 257 2039 dormitio,
282 1987 348 2028 cun
381 1974 464 2026 tanta
490 1969 529 2026 sit
550 1986 601 2041 pro
617 1985 650 2024 aa
665 1966 762 2024 dilecti
774 1967 931 2037 adjuratio.
985 1975 1016 2017 sa
1035 1978 1052 2017 a
1076 1962 1178 2032 primis
1195 1962 1367 2036 parentibus
1383 1978 1433 2031 per
1448 1965 1615 2034 serpentem
1626 1952 1810 2013 contraxisse

107 2061 182 2130 Ouid
198 2077 268 2135 ergo
283 2076 401 2117 necesse
417 2060 542 2116 initeam
558 2058 750 2126 dormire‚aut
768 2063 845 2113 certe
860 2055 930 2128 quid
984 2050 1127 2122 originale
1143 2050 1519 2122 peceatum,desiderabant
1530 2047 1610 2106 nasm
1626 2044 1755 2117 sibilum
1766 2041 1811 2098 dl·

110 2151 166 2207 luit
177 2148 218 2205 illi
233 2149 362 2206 dormire
373 2147 539 2204 liioceuim
556 2153 705 2220 perspecto
722 2144 827 2201 melius
840 2145 931 2200 clare·
984 2142 1036 2195 cte
1048 2140 1259 2199 benedictionis
1278 2142 1458 2212 promissum
1475 2136 1702 2208 maternisque
1716 2138 1812 2191 estre·

108 2238 148 2297 hil
160 2255 248 2311 quam
266 2238 432 2297 ssecviifltiss
447 2238 511 2311 01⁰³
526 2236 663 2294 (immillo
686 2235 749 2291 suil-
775 2235 848 2300 Quid
861 2251 931 2310 crgo
984 2236 1086 2294 missio
1101 2239 1422 2312 peccatorumlndeest
1433 2233 1808 2304 illudtsouemadrnodum

108 2328 151 2386 illi
172 2328 300 2386 dormire
314 2328 369 2385 luit
380 2326 395 2385 l
408 2331 536 2385 Proiecto
553 2326 636 2391 illud,
654 2327 732 2399 quod
753 2324 932 2399 evangeliste
983 2327 1130 2386 desiderat
1143 2344 1246 2386 cervus
1258 2331 1293 2386 ad
1313 2330 1408 2386 lentes
1432 2345 1588 2402 aquarum,
1606 2326 1647 2382 ita
1661 2324 1809 2382 desiderat

1 2443 7 2456 ι
105 2416 169 2474 vult
183 2418 346 2486 insinuare,
368 2434 435 2474 cum
452 2416 544 2475 dicit:
562 2440 577 2469 a
593 2415 685 2473 Maria
702 2423 799 2472 autern
816 2431 932 2472 conser-
983 2418 1080 2473 anima
1092 2434 1156 2475 mea
1169 2418 1204 2475 ad
1221 2426 1248 2475 te
1264 2419 1440 2480 DauslPsol.
1457 2427 1524 2486 aar).
1535 2439 1551 2469 a
1563 2437 1621 2468 -e
1635 2413 1699 2471 Vox
1713 2410 1809 2471 dilecti

106 2509 193 2564 vebat
206 2509 307 2565 omnia
335 2509 423 2565 verba
447 2507 518 2572 haec,
534 2508 688 2564 conterens
710 2507 738 2562 in
762 2507 849 2563 corde
877 2523 930 2564 suo
984 2508 1040 2564 mei
1054 2525 1061 2564 :
1077 2509 1148 2566 Ecce
1169 2509 1265 2567 veniet
1278 2510 1387 2568 saliens
1414 2511 1443 2566 iu
1460 2509 1623 2575 montibus,
1638 2504 1809 2563 transiliens

106 2597 181 2671 (tur.
207 2600 279 2672 n).n
301 2598 469 2672 iterumque
498 2609 631 2671 repetens
660 2597 717 2654 alio
742 2596 928 2662 luco,dicit:
983 2597 1212 2656 colles.Similis
1240 2591 1807 2668 estdilertusmenscapreebinnulu-

106 2711 120 2739 o
139 2688 171 2745 Et
186 2697 278 2745 mater
293 2689 357 2760 ejus
381 2689 576 2745 conservabat
599 2685 697 2744 omnia
713 2689 801 2743 verba
818 2687 877 2742 heo
900 2687 929 2741 in
983 2704 1039 2761 que
1050 2705 1226 2746 cervorum·
1243 2689 1353 2746 Dilecta
1367 2691 1485 2762 quando
1499 2687 1573 2758 vult,
1589 2686 1807 2753 nonsuscitata,

106 2779 281 2837 cordesuooi
297 2779 421 2836 llueerat
435 2778 687 2840 dorniirescilicet
699 2777 928 2834 oriscustodism
983 2793 1078 2847 neque
1093 2778 1232 2847 evigilare
1247 2780 1412 2839 cessisses
1426 2780 1545 2852 quando
1559 2775 1720 2842 satietati
1736 2770 1809 2839 vult,

105 2865 224 2937 habers,
237 2876 266 2927 et
281 2876 425 2926 secretum
438 2869 493 2925 sibi
509 2869 714 2931 commissum,
729 2875 845 2940 propter
860 2873 929 2922 tem·
981 2873 1008 2923 et
1025 2868 1133 2941 quibus
1148 2866 1441 2940 virli.Scriptiirarum
1461 2867 1600 2940 mysteria
1613 2866 1718 2937 pandit
1730 2873 1760 2922 et
1771 2861 1809 2919 lo·

104 2973 160 3030 pne
175 2960 252 3031 quod
271 2959 381 3015 malum
393 2964 465 3021 erat,
482 2975 538 3013 non
556 2957 757 3030 propulsemus
769 2956 930 3029 perciperet
982 2958 1093 3028 quitur,
1111 2964 1139 3014 et
1154 2958 1245 3014 dicit:
1262 2983 1277 3011 o
1292 2957 1353 3015 Vox
1379 2957 1477 3015 dilecti
1503 2957 1572 3022 mei,
1589 2954 1806 3021 saubauditur,

104 3044 233 3104 Herodes
246 3047 282 3103 (10
299 3063 365 3119 Pege
379 3044 610 3117 Judaeuium,qui
629 3052 715 3101 iiiiiil!
730 3046 925 3114 cral,tibintim
943 3075 965 3142 c
984 3056 1051 3112 talis
1066 3063 1120 3124 pst·
1147 3058 1264 3131 qualem
1282 3059 1396 3115 diclueg
1411 3076 1490 3117 gum⁸
1506 3064 1535 3115 gt
1549 3055 1746 3126 vpeigejuflgid
1761 3056 1805 3110 αἱ

104 3143 190 3194 esset.
217 3137 316 3204 ltaque
332 3137 526 3192 necessarium
542 3136 625 3191 valde
643 3135 842 3192 luitdilectam
859 3138 922 3193 dor
983 3147 1263 3220 sffltpiupffiqutffl
1274 3151 1371 3221 ipsum
1388 3154 1416 3205 ,a
1431 3151 1467 3203 ,a
1484 3163 1531 3204 m,
1548 3148 1685 3221 partinet,
1700 3159 1804 3202 „neus

104 3224 187 3285 mire.
204 3232 233 3281 st
248 3224 747 3281 interret-boesailliasHisrusslem
766 3225 841 3282 nolle
857 3228 929 3299 vigi·
981 3236 1028 3291 hio
1044 3242 1188 3308 eagquom
1203 3242 1460 3308 expngstmsum,
1472 3237 1577 3294 v002m
1594 3236 1703 3305 ipsam,
1718 3236 1805 3290 verb.

103 3309 276 3386 lereNeque
287 3315 723 3386 enimdeerantslusmodilllis
733 3316 927 3386 Hierusalem,
980 3323 1044 3394 ipss
1059 3324 1171 3381 dilectas
1184 3342 1248 3399 qum
1264 3326 1396 3399 loquitur
1416 3326 1499 3394 mihi,
1512 3327 1575 3398 jem
1590 3325 1730 3386 diensem,
1751 3321 1803 3380 sed

104 3419 180 3476 qus,
197 3405 331 3476 quemvis
353 3405 495 3462 benevole
510 3412 679 3470 essentnoo
697 3412 794 3461 tamen
818 3408 928 3464 scirent
979 3430 1031 3470 vos
1048 3415 1121 3471 torte
1137 3417 1217 3486 prius
1234 3415 1531 3485 alluisudirevuliis,
1543 3432 1594 3472 eur
1607 3414 1712 3470 tandiu
1727 3411 1801 3470 dila·

103 3510 317 3569 usquequaque
340 3504 534 3569 opportunum
560 3495 667 3552 habere
682 3499 926 3567 taciturnitatem,
979 3508 1043 3559 tum
1067 3505 1154 3561 luerit
1183 3505 1236 3561 boe
1263 3507 1473 3574 negotiumue
1496 3506 1669 3578 priusquam
1685 3518 1800 3561 mecum

104 3584 275 3643 sedidcirro
292 3585 686 3644 nonemeuiebatutditects
703 3588 925 3644 baeedesnnete
979 3593 1158 3657 conveniret,
1173 3599 1211 3651 tot
1229 3595 1431 3666 generationes
1460 3594 1672 3668 preterierunt,
1700 3592 1802 3649 videli-

103 3676 360 3751 conlemplatioois
375 3694 480 3735 somno
493 3678 635 3736 suscitata
649 3695 834 3736 communem
850 3696 882 3737 se
896 3680 927 3736 ii-
978 3687 1024 3739 cet
1039 3705 1054 3734 a
1072 3684 1109 3740 ab
1123 3683 1273 3740 Abrabam
1304 3700 1399 3757 usqne
1427 3685 1463 3741 ad
1490 3684 1576 3740 David
1599 3683 1803 3755 generationes

101 3766 140 3826 lia
163 3771 279 3841 laceret,
306 3775 335 3828 et
360 3771 396 3827 sd
426 3771 662 3842 respondendum
694 3770 737 3828 eis
765 3773 924 3845 evigilaret,
979 3771 1385 3844 quatuordecimetanavid
1403 3773 1548 3844 usquead
1565 3769 1802 3843 transmigratio·

102 3859 154 3915 etsi
177 3859 225 3915 alii
242 3859 391 3934 quidpiam
407 3858 612 3931 loquebantur,
627 3861 704 3917 verbi
720 3862 925 3935 gratio,pasto·
979 3877 1044 3917 nem
1069 3860 1234 3934 Babylonis,
1259 3861 1463 3931 generationes
1492 3860 1728 3934 quatuordecim,
1745 3864 1801 3917 eta

103 3964 162 4015 res,
177 3965 251 4021 quos
276 3948 371 4021 alique
394 3950 504 4006 dixisse
525 3963 634 4007 certum
651 3956 696 4006 est
716 3950 786 4018 (eod.
811 3968 872 4023 cup.
894 3954 924 4008 in
977 3950 1235 4022 transmigratione
1256 3950 1800 4024 Babylonisusqueuadipsumsgsns·

101 4036 178 4108 fill·
194 4039 241 4095 Ᾱῑῑ
255 4039 335 4094 enim
350 4039 546 4112 evsssssstlittlai
565 4061 578 4090 ⁸
593 4039 626 4095 El
640 4040 806 4113 omnesqui
822 4042 923 4099 audie·
976 4047 1105 4105 rationes
1119 4048 1352 4119 quatuordecim,
1369 4049 1469 4106 »sieut
1483 4047 1664 4121 evangelista
1679 4046 1787 4121 diligen

102 4129 182 4191 runt,
199 4124 294 4181 mirati
310 4131 381 4181 sunt
391 4126 426 4182 de
438 4127 483 4182 bis
498 4142 564 4200 ques
579 4127 657 4183 dicta
672 4134 755 4183 eraut
770 4145 787 4184 a
802 4130 923 4201 pastori·
975 4141 1020 4192 ter
1033 4137 1189 4205 distinguit
1201 4137 1312 4205 (serti.
1327 4141 1368 4209 u).
1385 4139 1443 4196 Cur
1457 4139 1615 4194 adventum
1631 4153 1721 4194 sunm
1733 4144 1799 4195 tao·

100 4211 156 4269 bns
171 4210 208 4269 ad
223 4212 304 4286 ipsos
320 4214 450 4285 (suarm
466 4220 495 4271 et
510 4215 546 4281 si,
563 4217 695 4289 inquam,
722 4216 763 4274 vel
780 4223 862 4285 tunc,
880 4219 921 4278 ael
975 4216 1024 4273 diu
1041 4216 1798 4291 distulitluumtardusestautsegnisllmovelocis·

98 4300 236 4375 deinceps
253 4309 370 4373 propter
392 4304 488 4359 multa
505 4304 590 4372 mira,
606 4322 669 4374 iius
686 4307 854 4379 factasunt,
871 4308 920 4365 alii
974 4306 1068 4362 simus
1081 4305 1707 4379 inoperesuoestsecuudumtestimonium
1719 4306 1797 4364 Seri·

99 4388 305 4464 loquebantur,
321 4393 416 4466 ipsam
435 4400 530 4451 tacere
556 4400 586 4450 et
606 4411 662 4451 non
684 4395 839 4466 inquietari
854 4415 922 4457 con·
974 4401 1139 4468 pturerum,
1155 4395 1242 4467 cujus
1271 4396 1408 4453 videlieet
1425 4395 1585 4453 testimonii
1601 4411 1724 4452 summa
1738 4395 1796 4452 beo

98 4480 231 4544 decebat,
247 4498 284 4539 ne
298 4498 344 4539 res
356 4482 608 4540 nimlsmanilests
619 4483 710 4553 fleret,
721 4488 920 4562 majoremque
937 4448 959 4514 ὓ
977 4491 1061 4541 eelz«
1073 4484 1143 4542 licea
1162 4485 1218 4542 iste
1245 4486 1341 4543 veniet
1363 4485 1473 4542 saliens
1499 4485 1576 4542 880
1592 4485 1620 4539 in
1634 4485 1795 4556 montibus,

97 4570 310 4644 persecutionis
336 4572 401 4644 ipsa
422 4572 551 4630 laborem
569 4573 740 4644 sustineret,
756 4592 845 4648 quam
860 4578 918 4634 luit
971 4573 1140 4632 transiliens
1155 4574 1254 4631 eolles.
1266 4574 1376 4632 Similis
1392 4581 1438 4632 est
1454 4573 1579 4632 dilectus
1593 4590 1677 4630 meus
1689 4588 1797 4647 caprea

1 4736 7 4745 .
96 4658 148 4716 llis
163 4661 230 4733 luga
244 4676 303 4734 qua
324 4660 352 4716 in
368 4664 523 4735 AEgyptum
541 4663 640 4736 lugere
654 4672 831 4736 oportuerat.
859 4667 917 4738 lgi-
971 4672 1154 4747 hinnuloque
1183 4690 1384 4732 cervorum.»
1415 4673 1521 4730 Dicunt
1537 4674 1616 4730 enlm
1637 4673 1795 4747 Scripturas

97 4753 155 4819 tur,
174 4749 302 4822 *sillum
324 4766 388 4816 vm.
413 4750 478 4805 filim
492 4749 684 4817 Hierusalem.
710 4768 745 4808 ne
769 4754 916 4814 suscitetis
972 4762 1157 4834 propheticas,
1182 4762 1369 4820 velocitatem
1395 4763 1460 4834 ejus
1479 4767 1699 4820 attestantescs
1720 4765 1796 4820 voca

96 4853 190 4912 neque
204 4838 341 4915 evigilare
356 4839 470 4896 lecistis
483 4840 630 4906 dilectam,
647 4842 840 4917 quoadusque
856 4846 917 4918 ipss
971 4865 1078 4908 nomen
1089 4852 1165 4921 elus,
1183 4851 1318 4908 accelera
1333 4851 1426 4925 spolia
1440 4852 1711 4911 detrahers.iestina
1724 4868 1796 4925 pre·

96 4927 174 4998 velit,
186 4949 201 4980 n
217 4929 245 4984 id
261 4935 306 4986 est
322 4929 435 4986 lortiter
448 4929 572 4987 obllrino
592 4938 718 4988 mentem
741 4932 863 5005 dilectae,
881 4950 915 4991 ne
970 4939 1034 4996 dari
1050 4942 1217 5013 tirocinii:
1231 4942 1409 5007 »ltemmm
1423 4957 1488 4998 eccs
1513 4941 1637 4998 lestines
1657 4942 1796 4999 velociter

95 5022 163 5075 ante
177 5025 294 5092 tempus
307 5019 447 5094 loquendi
463 5021 598 5077 denarret
609 5022 766 5093 vobisquid
783 5024 826 5080 vel
839 5041 915 5097 que·
968 5029 1075 5099 veniet,
1092 5046 1148 5086 non
1160 5036 1205 5086 est
1220 5030 1468 5102 deliciensmeque
1479 5028 1653 5086 laboransin
1673 5031 1793 5103 cellcul.

97 5109 183 5166 modo
198 5110 254 5166 sibi
270 5114 378 5168 laetum
390 5113 619 5171 aitctiamsivos
636 5115 915 5175 multominstantes
968 5117 1034 5190 ala
1051 5124 1081 5174 st
1096 5118 1189 5176 multa
1204 5118 1251 5177 bis
1264 5119 1386 5178 similia.
1405 5117 1487 5176 Unde
1501 5135 1570 5191 ergo
1597 5117 1718 5177 dilatio:
1749 5118 1795 5177 ui-

95 5200 263 5274 inquirstis.
281 5203 331 5259 Per
343 5203 413 5277 quid
430 5205 533 5276 adjuro
548 5203 618 5260 vost
633 5205 686 5261 Per
707 5223 827 5279 capreas
850 5226 913 5267 cer·
968 5232 1051 5276 cem:
1070 5239 1084 5268 a
1099 5219 1137 5275 lin
1151 5219 1214 5289 ipss
1228 5224 1287 5276 stat
1302 5223 1368 5293 post
1384 5218 1523 5291 parietem
1540 5220 1687 5281 nostruin.
1705 5218 1796 5293 respi-

95 5307 206 5366 vosque
228 5308 409 5367 camporum.
425 5293 648 5366 Vercmsgnum
665 5294 912 5366 adjuramentum.
967 5306 1048 5364 ciens
1076 5323 1127 5380 per
1152 5309 1306 5375 ienestrss,
1330 5307 1511 5381 prospiciens
1538 5323 1590 5380 per
1605 5308 1765 5367 cancellos.
1780 5330 1795 5360 ι

94 5381 167 5441 liam
179 5391 208 5442 et
221 5384 375 5456 egojuravl
388 5384 481 5441 cervis
491 5385 766 5456 etospreis,scilicet
781 5392 913 5461 patribus
969 5395 1129 5469 Diligenter
1143 5398 1375 5464 animadvertite,
1393 5403 1426 5456 nt
1444 5396 1545 5454 sciatis
1560 5395 1701 5456 remlion
1715 5398 1796 5457 anim

91 5472 912 5549 acstrisssglbusetpatriarchis,masimequeAbrabam
967 5499 1014 5541 res
1043 5501 1133 5557 parva
1157 5487 1587 5560 esl,qusmdicosparistsm
1617 5492 1798 5557 amiso-,s

92 5569 122 5624 st
135 5560 337 5636 bariemone
344 5566 466 5624 verbam
475 5565 659 5642 istud,quod
673 5582 752 5627 sano
767 5569 832 5645 leel,
843 5588 911 5633 oum
967 5579 1087 5650 propter
1115 5593 1204 5653 quem
1219 5582 1281 5637 mm
1296 5591 1413 5636 morosa
1425 5579 1503 5639 maii
1522 5576 1644 5650 lateam
1656 5581 1688 5636 st
1709 5584 1804 5641 satu·
