3826 6014
141 212 201 275 iro
417 186 421 193 ’
689 206 863 272 auream
884 202 1051 265 saurus
1072 202 1294 265 rusurensis
1782 201 1843 262 roo

144 350 255 405 miuus:
268 346 440 419 Couqreqabo
453 344 665 408 claudicantem,
676 346 704 397 et
717 357 778 398 eam
792 338 967 412 quamejece·
981 341 1009 403 Α
1022 334 1065 390 eis
1082 335 1153 391 fides
1168 335 1424 408 comprobassent,
1441 338 1580 406 tanquam
1596 336 1700 391 iirmue
1717 351 1768 406 pes
1786 354 1793 403 ;
1810 334 1840 389 in

142 454 204 493 rcarra
222 436 361 508 coitiqam,
380 438 406 491 et
422 451 507 506 quam
522 435 691 504 omiseram,
704 441 731 487 et
742 445 842 502 ponam
852 424 964 483 claudi·
1019 423 1120 479 multis
1134 429 1234 481 autem
1250 425 1347 480 carnis
1361 423 1424 480 sola
1438 423 1574 496 gloriatio
1590 429 1646 491 est,
1662 424 1763 495 utique
1775 430 1842 479 tan·

142 531 249 581 eanum
261 526 291 579 in
306 523 483 595 reliquias‚et
492 538 552 579 eam
563 536 626 593 qum
634 520 810 575 laboraverat
819 519 849 573 in
856 520 965 586 pentem
1019 528 1108 585 quam
1120 529 1172 585 pas
1182 513 1331 582 infirmus,
1347 518 1424 569 recta
1440 530 1518 569 auno
1528 513 1618 569 Jacob
1630 514 1659 569 in
1672 514 1842 585 posteritate

141 617 340 683 solariumst
366 615 492 685 reqnatit
516 611 648 668 Dominus
672 625 754 682 super
772 608 964 665 eosinmonie
1018 618 1073 659 sua
1088 601 1252 659 claudicare
1266 602 1385 660 dicitur.
1402 602 1495 674 Igitur
1516 601 1547 657 in
1568 602 1612 657 dre
1628 602 1690 669 itio,
1704 602 1772 656 dicit
1787 601 1844 657 Do·

141 704 218 771 Sion,
233 720 269 758 ec
283 704 332 759 loc
346 718 420 758 nunc
431 716 516 774 usque
531 702 560 756 irr
581 700 722 756 seculum.
738 700 806 765 Qua
822 696 964 751 hactenus
1018 707 1122 757 manua,
1137 692 1306 760 conpreqabo
1327 690 1541 759 claudicantem,
1558 695 1583 746 et
1596 706 1751 763 eamquam
1759 694 1844 761 ejece·

142 791 220 850 dicte
235 793 356 849 suntab
372 808 405 848 eo
420 792 499 864 quod
514 790 555 846 ait
570 806 577 844 :
593 789 718 858 thiaent
731 786 767 843 ad
782 803 845 844 sam
857 782 962 857 popuii,
1018 797 1079 836 ram
1090 781 1231 850 collinam,
1246 787 1273 837 et
1287 798 1371 853 quam
1384 782 1556 854 attilanum,
1573 781 1601 836 id
1617 786 1662 837 est
1673 779 1716 836 sic
1727 785 1842 836 utrum·

142 893 170 939 et
179 883 373 956 properabant
392 890 485 953 qentss
507 881 612 950 matie,
629 894 724 952 usque
739 879 773 932 ad
791 880 963 949 presentem
1019 885 1076 941 que
1091 886 1252 939 assumam,
1263 870 1417 927 utnullam
1428 871 1522 927 iudai
1535 874 1563 926 et
1577 869 1668 926 Grani
1679 870 1842 927 distinctio-

141 972 317 1028 uersiculom
330 969 487 1045 promissio
502 975 548 1025 est
563 974 677 1024 tantum
693 967 728 1021 de
743 966 883 1023 electione
894 979 964 1035 gen·
1019 973 1085 1013 nam
1103 958 1218 1015 iaoiam.

141 1062 236 1130 tiumr
256 1077 384 1133 presens
405 1065 501 1117 autem
512 1058 675 1115 versiculus
686 1056 857 1113 electionem
873 1059 901 1111 st
916 1070 968 1109 so·
1054 1056 1086 1111 lor
1101 1056 1186 1126 quasi
1203 1072 1347 1128 quereres
1363 1059 1509 1129 quomodo
1524 1072 1700 1130 congregare
1715 1073 1747 1113 se
1763 1057 1841 1114 dicet

140 1152 275 1207 cietetem
288 1143 965 1223 predicatutrorumque,ludeorumscilicetet
1017 1144 1243 1215 claudicantem,
1268 1149 1298 1201 et
1319 1149 1465 1217 quomodo
1489 1145 1627 1218 colligere
1641 1148 1763 1218 ejectam
1781 1146 1841 1202 sive

43 1258 47 1265 ·
140 1239 282 1312 gentium.
296 1239 369 1296 Nam
380 1237 558 1310 conqreqalro,
569 1235 664 1308 inquit
674 1233 884 1300 claudicantem,
898 1231 966 1286 sub·
1018 1231 1169 1300 aittiotam,
1183 1248 1296 1304 porram,
1311 1232 1420 1306 inquit,
1435 1233 1637 1290 claudicantem
1648 1236 1676 1289 in
1691 1232 1839 1305 reliquias,

141 1326 456 1384 auditarlsreeliticem
471 1330 587 1399 gentem
605 1341 612 1391 ;
627 1332 653 1380 et
663 1339 724 1379 eam
736 1338 819 1395 quam
831 1320 964 1392 ejeceram
1017 1324 1183 1394 sicamque
1203 1321 1374 1378 laboraverat
1396 1324 1426 1378 in
1449 1326 1554 1394 qentem
1577 1322 1726 1379 robustam.
1747 1322 1784 1378 Ut
1795 1323 1839 1378 di-

141 1423 169 1473 et
183 1418 332 1489 affluerem
348 1415 487 1488 oedipum,
512 1414 624 1471 scilicet
647 1412 734 1468 aliam
759 1417 887 1483 gentem,
905 1408 964 1463 imo
1018 1413 1109 1476 ctum,
1122 1408 1201 1465 itaet
1213 1411 1321 1467 lactum
1332 1416 1376 1467 est
1388 1428 1396 1478 ;
1407 1411 1477 1481 quia
1497 1410 1709 1468 claudicantem
1726 1411 1814 1467 lsrael
1830 1429 1837 1468 :

19 1512 24 1519 '
46 1536 55 1547 ·
142 1505 346 1579 gentilitatem.
361 1509 398 1561 ut
413 1509 489 1560 recte
499 1520 571 1575 gens
585 1500 742 1558 israelitica
757 1498 964 1555 claudicasset
1017 1498 1185 1568 euangelica
1196 1500 1291 1571 gratio
1303 1516 1360 1554 non
1370 1499 1500 1570 plenarie
1514 1499 1640 1571 collegit,
1657 1501 1708 1557 sed
1726 1500 1755 1557 in
1773 1500 1840 1557 reli·

139 1594 288 1667 gentilitas
311 1595 405 1664 eJecta
427 1593 537 1648 dicitur
559 1596 589 1647 et
607 1590 726 1655 albiola,
747 1587 816 1660 quie
830 1586 964 1642 videlicet
1017 1585 1103 1657 quies
1119 1587 1227 1658 posuit,
1245 1587 1274 1641 id
1289 1599 1330 1643 est
1346 1587 1382 1643 de
1398 1587 1447 1645 illo
1465 1587 1604 1661 reliquias
1619 1588 1840 1659 assumpsit,da

140 1681 227 1738 lsrael
245 1698 303 1738 aon
320 1681 436 1753 penitus
447 1681 556 1752 ejectus
573 1678 657 1735 aDeo
674 1680 877 1747 lucratusque
892 1691 956 1730 om·
973 1707 997 1772 B
1018 1674 1124 1746 quibus
1140 1682 1169 1730 at
1185 1678 1340 1748 Apostolus
1356 1675 1485 1749 seipsum
1501 1693 1566 1734 esee
1589 1682 1768 1734 contestatur
1792 1678 1840 1733 bis

141 1771 210 1827 nino
225 1786 292 1826 cum
309 1771 365 1826 Deo
378 1768 558 1838 ambulabat,
569 1768 621 1824 sed
636 1769 664 1822 iu
680 1768 755 1823 dues
770 1771 867 1838 partes
879 1763 959 1820 clau·
1015 1763 1112 1820 verbis
1123 1779 1130 1819 ε
1140 1764 1273 1835 Numquid
1287 1766 1389 1837 repulit
1404 1766 1474 1822 Deus
1486 1767 1621 1839 populum
1635 1771 1737 1822 suum?
1752 1767 1840 1823 Absit·

141 1859 266 1928 diaabst,
278 1860 383 1931 partim
393 1859 550 1915 Dominum
561 1856 774 1928 Daum,partim
786 1853 853 1910 Bael
865 1852 962 1910 colen·
1016 1851 1089 1907 llam
1109 1861 1137 1909 et
1156 1869 1203 1925 eqo
1225 1854 1351 1909 israelita
1372 1870 1445 1921 sum,
1470 1871 1507 1911 ea
1521 1855 1627 1911 semine
1639 1855 1794 1924 Abrabam,
1810 1857 1844 1912 de

141 1948 474 2015 do,etcoteradeorum
487 1951 622 2019 portenta
633 1943 962 2017 ;gentiliteseutempe·
1016 1941 1093 1996 tribu
1107 1942 1257 2013 benjamin
1271 1943 1359 2015 (Rom.
1375 1945 1429 2016 ur).
1446 1948 1479 1999 et
1491 1943 1617 2000 subinde
1636 1960 1643 1998 :
1670 1944 1744 2011 Quid
1770 1946 1842 2003 dicit

142 2037 221 2093 uitus
237 2039 339 2111 ejecte,
355 2036 492 2093 continuo
509 2051 558 2107 per
572 2051 673 2091 omnes
688 2033 902 2106 generationes,
918 2048 963 2086 ar·
1017 2028 1246 2088 Heliedivinurn
1258 2048 1432 2105 responsum
1444 2032 1458 2088 t
1470 2033 1577 2105 Reliqui
1586 2035 1764 2104 miniseptcm
1774 2033 1844 2088 mit·

143 2143 207 2184 rore
223 2126 451 2183 iueratalllicta:
463 2125 700 2197 ampliusautem
715 2123 963 2193 etdeteriusgens
1017 2116 1058 2172 lia
1077 2118 1199 2172 nimirum
1220 2121 1269 2190 qai
1289 2135 1345 2173 non
1361 2128 1548 2178 caecaverant
1570 2135 1662 2192 qmaa
1686 2118 1841 2176 uolebant.

20 2266 26 2283 ,
141 2216 276 2283 iudaice,
293 2214 323 2271 in
335 2216 386 2270 itta
400 2215 454 2281 die,
466 2214 501 2270 da
512 2228 763 2286 qusnunosermo
778 2216 835 2278 est,
850 2211 963 2267 oleudi-
1017 2206 1064 2263 Sia
1077 2210 1221 2277 erqomia
1237 2209 1560 2284 loctemporereiiquiae
1576 2211 1844 2268 secundametecn'o-

141 2304 367 2377 cansapporuit,
379 2303 542 2359 secundum
554 2300 708 2374 typumvcl
721 2300 845 2373 liguram
858 2298 962 2372 quain
1017 2312 1081 2353 nem
1095 2299 1196 2369 qratiae
1218 2300 1303 2356 saluae
1323 2302 1408 2369 [aatae
1426 2309 1489 2357 sant
1506 2300 1610 2373 (itia).
1628 2302 1698 2357 Item
1717 2318 1724 2355 ε
1740 2301 1842 2357 Esaias

142 2398 224 2468 patre
247 2395 313 2464 ejus
334 2392 424 2449 lecob
446 2392 602 2463 precessit,
625 2391 744 2462 quando
769 2404 835 2446 oum
860 2387 963 2460 engela
1018 2391 1127 2454 autem,
1141 2387 1248 2459 inquit,
1261 2387 1370 2445 clamat
1381 2406 1434 2463 pro
1446 2389 1550 2446 lsrael:
1563 2390 1593 2446 Si
1607 2390 1695 2463 [uera
1710 2407 1844 2446 numerus

142 2483 271 2540 luctatus
288 2488 343 2550 est,
368 2486 397 2538 at
409 2480 488 2551 vicit,
505 2487 533 2537 et
544 2480 593 2537 ille
608 2479 698 2551 tetiqat
711 2494 827 2536 neruum
851 2476 965 2550 femoris
1019 2476 1143 2546 illiorum
1157 2477 1242 2533 lsrael
1257 2481 1393 2551 tanquam
1407 2482 1601 2548 arenamaris,
1620 2481 1843 2552 reliquiaesaiue

143 2574 205 2643 eius
228 2570 303 2642 (Gen.
327 2572 426 2642 xxxa).
449 2572 539 2641 CuJus
564 2570 604 2626 rei
627 2568 798 2641 mysterium
814 2566 965 2640 paulisper
1018 2564 1084 2635 fient
1099 2565 1175 2637 (lsai.
1191 2567 1229 2636 xi.

34 2680 37 2685 ·
144 2677 223 2718 nunc
237 2661 382 2732 attingere
394 2660 660 2716 libetzleaoboum
673 2658 731 2714 Deo
743 2660 966 2725 luctatusest,et
1055 2665 1157 2736 ltaque
1183 2665 1390 2723 claudicantem
1413 2668 1548 2739 quamvis
1567 2669 1841 2742 exmaximnpnrrc

142 2755 234 2812 victor
257 2754 489 2811 benedictionem
512 2752 643 2819 extorsit,
663 2753 748 2823 quasi
764 2752 854 2808 invito
869 2756 897 2808 et
911 2768 963 2807 no·
1019 2752 1214 2810 oleudiceudo
1242 2754 1406 2826 attenderit,
1433 2759 1465 2812 in
1491 2758 1628 2830 reliquiae
1649 2775 1762 2831 ponam,
1775 2759 1842 2827 ait;

143 2846 213 2900 lenti
229 2861 263 2900 aa
273 2843 382 2900 dicenti
399 2859 406 2899 :
424 2843 536 2899 llimitte
548 2857 602 2911 me,
609 2858 674 2912 qam
687 2842 762 2898 enim
773 2839 897 2897 ascendit
911 2857 962 2895 aa·
1018 2842 1100 2898 illam
1116 2849 1284 2916 cutemque
1297 2843 1476 2901 laboraverat
1488 2864 1546 2903 non
1562 2853 1712 2920 utcunque
1723 2849 1840 2905 relocil-

142 2949 207 2990 rora
222 2932 323 3005 (ibid),
335 2932 406 3004 quia
420 2930 551 2987 videlicet
566 2931 608 2986 eic
623 2931 755 2985 laturum
767 2933 871 2986 eratut
881 2945 963 2986 oom·
1018 2929 1095 2998 labo,
1109 2931 1160 2987 aed
1171 2947 1273 3001 ponam
1295 2933 1327 2989 in
1346 2942 1456 3004 qentem
1479 2935 1630 3004 robustam,
1646 2935 1675 2990 id
1691 2941 1736 2992 est
1751 2936 1841 2993 colle·

142 3023 326 3077 minarentur
341 3020 418 3075 Deus
434 3035 499 3075 sese
514 3037 531 3074 a
546 3019 657 3074 semine
667 3019 732 3089 ejus
746 3019 962 3090 recedere,pro·
1020 3025 1096 3076 ctam
1108 3018 1288 3093 degentibus
1299 3020 1468 3090 Ecclesiam,
1480 3024 1523 3079 aio
1539 3024 1644 3096 spiritu
1660 3025 1841 3082 tortitudinis

141 3114 206 3182 pter
220 3114 341 3182 peccata
355 3109 450 3181 gentis
465 3109 598 3177 ejusdem
614 3107 730 3164 rebellis
746 3111 775 3163 et
790 3106 957 3165 incredulos.
981 3080 1003 3146 C
1019 3108 1139 3165 induam
1156 3113 1188 3165 ut
1198 3109 1275 3165 sicut
1290 3110 1480 3168 multitudine
1496 3113 1631 3181 iocunda,
1646 3114 1689 3170 aio
1704 3123 1731 3170 ot
1747 3116 1837 3170 ricto·

27 3234 31 3241 -
114 3199 221 3264 r-'Quod
238 3203 270 3253 ut
285 3196 413 3268 primum
435 3194 551 3252 locutus
572 3200 616 3252 est
632 3197 668 3252 ed
685 3200 784 3252 Mosen
801 3195 848 3251 bis
863 3198 959 3254 verbis
1016 3196 1260 3269 riissitgloriosa,
1274 3198 1380 3255 batres
1391 3201 1584 3257 admiratione
1598 3202 1697 3273 digna,
1713 3207 1745 3259 ut
1759 3204 1840 3259 dica·

28 3298 32 3303 ·
140 3283 395 3358 proptervitulum
411 3300 499 3356 quem
516 3285 663 3340 lacerent:
679 3284 961 3342 Dimittemeutira-
1012 3285 1268 3355 turdeillazoaae
1290 3296 1330 3344 eet
1350 3287 1416 3357 uta,
1441 3304 1504 3360 quae
1516 3291 1840 3348 ascenditsieutaurora

139 3375 234 3428 ocatur
246 3373 413 3443 surormeus
425 3379 588 3439 contraeas,
604 3376 631 3427 et
645 3370 751 3427 deleam
765 3388 819 3440 eos,
834 3373 957 3442 tamara-
1010 3390 1187 3444 caesaraeae.
1208 3375 1327 3447 pulclara
1349 3387 1379 3433 ut
1398 3378 1476 3443 lana,
1492 3380 1578 3435 eiecta
1592 3385 1622 3435 ut
1632 3381 1683 3451 sol,
1700 3380 1839 3437 terribilis

139 3459 958 3532 queteinqeutemmaqnam(Euod.xxx11).iileoonsur-
1010 3469 1041 3521 ut
1054 3472 1206 3520 castrorum
1230 3467 1303 3522 acies
1326 3467 1452 3523 ordinata
1474 3466 1594 3539 t(dant.
1616 3471 1665 3540 vr.)
1689 3473 1763 3527 Vere
1782 3487 1832 3526 ro·

138 3546 248 3602 rexitiu
259 3546 468 3617 contractione,
485 3547 514 3604 id
531 3552 576 3603 est
592 3546 622 3602 in
638 3548 729 3603 nimia
744 3548 849 3605 mentia
859 3548 956 3606 bumi-
1011 3553 1109 3622 busta,
1123 3569 1189 3612 vere
1199 3558 1232 3611 ut
1247 3559 1409 3611 castrorum
1423 3556 1653 3615 eoiasordinata.
1664 3560 1832 3627 Nem,utde

136 3642 230 3711 litate,
246 3648 329 3702 stans
343 3645 373 3701 in
388 3649 543 3717 conspectu
559 3644 635 3715 ejus,
653 3646 957 3717 Deumqueraluctun·
1009 3641 1120 3699 ueteris
1140 3646 1264 3713 taceam,
1279 3660 1406 3715 quorum
1420 3649 1479 3701 toto
1497 3646 1660 3719 spiritualis
1674 3657 1718 3704 est
1732 3665 1831 3721 pugna

137 3732 294 3791 tembomo
314 3733 458 3792 collocans
483 3734 577 3791 tenuit
600 3734 831 3793 aebociaaeret.
848 3738 958 3795 linboc
1009 3735 1112 3787 contre
1138 3732 1239 3788 hostes
1272 3731 1444 3800 invisibiles,
1474 3737 1504 3788 et
1522 3736 1830 3793 contraaarnisvitia.

137 3821 226 3894 longo
237 3823 570 3880 reluctaminodetentus
580 3828 625 3879 eet
634 3823 722 3890 Deus,
738 3825 852 3893 quoties
864 3825 958 3884 abilis
1010 3818 1081 3884 Ouio
1093 3819 1199 3876 militet
1215 3820 1290 3891 ojus,
1305 3822 1515 3891 eosdootexat,
1527 3839 1600 3894 quos
1612 3831 1752 3897 martyros
1761 3841 1832 3882 suos

137 3916 223 3984 gente
237 3920 357 3986 propter
372 3918 489 3984 peccata
502 3920 546 3968 est
561 3928 693 3978 aversus,
709 3912 778 3984 quia
791 3913 957 3971 nullatum·
1009 3908 1054 3966 vel
1068 3908 1175 3965 Christi
1191 3913 1351 3981 nuncupat,
1365 3909 1552 3968 dinumerare
1562 3918 1651 3984 queat
1665 3911 1677 3968 Ρ
1691 3912 1832 3970 Novimus

137 4017 208 4071 pore
223 4000 488 4057 dolueruntlideles
498 4001 528 4056 in
540 4001 648 4073 populo
663 3999 725 4070 illo,
736 4000 765 4056 ia
777 4002 885 4073 quibus
896 4010 956 4061 tam
1009 3998 1148 4071 reliquias
1161 3998 1237 4066 illae,
1253 3999 1364 4055 scimus
1379 4000 1465 4057 iatam
1480 4007 1596 4075 gentem
1612 4005 1832 4072 robustamto-

137 4089 299 4143 secundum
316 4090 403 4144 iidem
414 4105 503 4160 quam
514 4090 677 4145 seeundum
688 4105 807 4147 carnem
817 4097 896 4148 asset
906 4110 956 4164 pa·
1009 4091 1072 4145 tum
1083 4088 1161 4160 quod
1173 4093 1253 4154 sunt,
1264 4090 1438 4161 essegratia
1450 4106 1507 4145 non
1519 4091 1620 4158 debiti,
1636 4095 1715 4150 undo
1726 4100 1755 4151 et
1765 4113 1830 4166 grs-

138 4179 183 4232 ter
196 4175 297 4244 Jacob,
313 4193 439 4249 quorum
453 4177 565 4234 meritis
575 4183 604 4233 at
619 4178 754 4250 precibus
764 4178 958 4239 vehementis·
1010 4175 1067 4233 lios
1078 4181 1196 4247 ossooloo
1207 4177 1309 4233 dinoot
1318 4176 1349 4233 lo
1362 4179 1534 4252 Apocalypsi
1550 4197 1557 4236 ε
1575 4180 1711 4248 Quoniam
1725 4184 1830 4240 nocitus

137 4263 956 4334 simisiuitobstriatus,naosntedimissusdonoobeno·
1008 4281 1049 4335 es,
1074 4268 1099 4321 et
1126 4265 1268 4322 redemisti
1292 4282 1344 4322 uos
1371 4268 1468 4324 Deoia
1494 4272 1631 4341 sanquine
1646 4275 1831 4330 tuoeeomni

139 4352 248 4409 dicarat
269 4353 371 4423 Jacob,
393 4355 486 4410 donec
508 4352 640 4424 impleret
661 4354 874 4415 benedictiones
887 4376 957 4418 suas
1008 4355 1098 4424 moa,
1114 4358 1140 4410 et
1158 4353 1268 4426 linqua,
1284 4361 1311 4413 et
1321 4358 1432 4428 populo,
1450 4366 1476 4414 et
1489 4360 1603 4415 natione
1618 4379 1625 4427 ;
1641 4363 1768 4431 etfecisti
1782 4377 1832 4420 uos

136 4441 297 4514 legislator,
311 4442 409 4499 dendo
419 4442 651 4498 benedictionem
664 4441 746 4499 illam
759 4445 788 4499 in
797 4461 856 4516 qua
867 4448 953 4505 bene·
968 4437 992 4501 ll
1011 4444 1063 4500 oea
1077 4447 1171 4498 nostro
1185 4459 1306 4513 requam
1319 4450 1346 4500 at
1359 4447 1526 4516 sacerdotes,
1541 4455 1567 4504 et
1581 4449 1736 4517 reqnabunt
1750 4467 1832 4523 super

136 4530 304 4589 dicerentur
317 4529 612 4604 omnesgentestden.
628 4532 710 4603 xxii),
725 4533 800 4590 sicut
814 4536 851 4590 ad
867 4538 955 4593 Abra·
1010 4533 1212 4603 terramllpoc.
1222 4535 1262 4602 u).
1276 4535 1351 4607 Ergo
1361 4534 1514 4598 Dominus,
1530 4537 1566 4593 de
1578 4553 1635 4608 quo
1649 4538 1697 4594 bic
1712 4542 1831 4600 tandem

135 4620 330 4678 hamlocutus
340 4627 385 4679 est
396 4639 404 4690 ς
415 4638 480 4693 qua
492 4619 832 4680 videlicetbenedictioin
843 4627 956 4682 semine
1010 4620 1127 4688 dicitur,
1137 4627 1163 4678 tl
1178 4625 1307 4694 reinolt!
1321 4625 1546 4697 Domiowooer
1557 4642 1602 4682 00⁸
1613 4629 1741 4685 lomonlt
1751 4630 1829 4698 Sion,

134 4708 210 4779 ejus,
220 4709 314 4779 gratia
324 4711 418 4779 sancti
428 4709 556 4781 Spiritus
570 4713 615 4765 est
630 4711 861 4783 perpessionem
876 4715 954 4772 210
1008 4712 1101 4767 came
1115 4727 1191 4767 nunc
1205 4720 1231 4768 et
1241 4728 1324 4785 acque
1338 4713 1369 4768 in
1382 4721 1528 4771 marnam.
1538 4713 1685 4771 Veraoiter
1696 4719 1830 4774 nomina·

134 4797 242 4854 Christi
257 4799 389 4856 effuaain
398 4815 501 4855 omues
511 4798 655 4855 nationes.
667 4799 746 4855 Tunc
757 4801 836 4857 enim
856 4819 955 4861 reuera
1009 4805 1058 4857 tur
1069 4801 1128 4857 Rex
1137 4802 1421 4873 regumetDominus
1431 4802 1646 4860 dominantium
1658 4823 1666 4872 ;
1678 4807 1746 4875 quia
1756 4824 1831 4879 quo·

134 4889 309 4945 bauslecob
326 4888 474 4945 benedixit
485 4888 516 4944 in
531 4887 641 4945 sanctis
649 4889 790 4960 apostolis
800 4892 882 4948 omni
902 4893 954 4950 be·
1008 4907 1075 4947 rum
1091 4894 1136 4946 est
1150 4906 1211 4957 rex,
1228 4890 1283 4961 ipsi
1295 4907 1399 4948 omnes
1409 4907 1491 4964 reges
1502 4896 1530 4948 et
1540 4894 1706 4951 secerdotes
1717 4901 1831 4963 suntet

133 4977 298 5034 nedictione
319 4977 465 5051 spirituali
482 4998 490 5046 ;
513 4994 619 5034 neruus
641 4983 738 5035 autem
755 4981 874 5037 femoris
888 4983 954 5053 ejus
1007 4977 1038 5034 in
1054 4984 1195 5035 aternum
1212 4981 1385 5051 regnabunt.
1402 4980 1483 5044 Quod
1499 4986 1598 5039 autem
1618 4982 1665 5040 bic
1685 4983 1830 5043 Dominus

133 5067 278 5123 emarcuit
292 5068 361 5139 quie
376 5066 517 5140 quidquid
533 5065 688 5123 carnaliter
698 5084 785 5140 agere
805 5070 847 5126 rel
861 5072 954 5147 saari—
1007 5083 1288 5139 regnanesuporeos
1298 5067 1639 5142 inmonteSion,propria
1649 5072 1689 5128 sit
1699 5071 1751 5128 lilii
1764 5091 1829 5145 per·

133 5154 625 5228 liceresolebant,rsprobatumcat.
642 5157 954 5232 Omneaetiamganea-
1008 5172 1091 5224 eona,
1106 5156 1168 5229 ipse
1183 5157 1212 5213 in
1229 5156 1342 5229 pselaro
1358 5158 1441 5215 testis
1456 5164 1511 5229 est,
1527 5160 1628 5216 dicens
1646 5176 1652 5215 :
1669 5163 1725 5231 liqn
1737 5173 1831 5220 autem

131 5243 217 5319 logia
231 5262 283 5318 pro
307 5244 415 5302 iabulis
440 5250 545 5301 extunc
561 5248 701 5316 reputate
716 5251 797 5315 sunt,
813 5249 952 5319 quoniam
1006 5247 1172 5303 constitutus
1199 5262 1261 5302 sam
1276 5263 1327 5304 ree
1354 5248 1388 5304 ab
1416 5262 1447 5305 eo
1460 5263 1542 5318 super
1559 5248 1625 5304 Sion
1639 5255 1749 5306 mantea
1765 5267 1830 5307 saa·

133 5337 214 5393 uelut
227 5335 276 5392 bic
291 5335 340 5407 qui
355 5333 438 5391 solus
452 5332 643 5389 texendarum
658 5348 746 5389 causa
760 5334 952 5407 iueratgene·
1005 5337 1079 5392 dum
1092 5337 1159 5407 ejas,
1173 5337 1331 5407 praedicans
1344 5338 1588 5407 praeceptumque.
1605 5341 1737 5395 Dominus
1750 5340 1829 5397 dixit

133 5425 292 5483 rationum.
307 5424 376 5481 Sola
402 5421 474 5478 tides
491 5419 674 5493 predicatur,
690 5426 720 5476 et
734 5422 770 5478 de
785 5439 873 5480 corna
888 5426 952 5495 ejus
1006 5424 1042 5479 ed
1063 5439 1107 5480 me
1131 5442 1137 5480 :
1158 5426 1246 5483 Filius
1269 5443 1345 5483 meus
1367 5443 1396 5484 es
1419 5430 1450 5482 tu
1463 5427 1549 5489 tPsal.
1564 5436 1609 5495 u).
1629 5428 1714 5487 blane
1730 5440 1829 5489 autern

36 5582 39 5587 ,
132 5512 246 5574 siletur.
261 5517 297 5572 et
311 5513 380 5587 quia
393 5513 424 5570 in
439 5509 580 5584 apostolis
594 5513 624 5567 et
637 5508 873 5581 aliisquemlibet
883 5531 953 5586 peu·
1005 5512 1073 5571 Sion
1090 5531 1148 5570 non
1165 5514 1299 5588 dubium,
1312 5516 1385 5592 quin
1402 5515 1443 5574 ait
1466 5515 1592 5576 colestia
1607 5518 1738 5577 occissis
1747 5520 1760 5593 j
1772 5526 1830 5580 uxt
