3826 6014
80 234 159 298 rear
631 231 833 295 oounrnnr.
857 233 895 295 nv
920 233 1067 299 svenne.
1091 273 1130 287 -
1151 242 1224 304 nra.
1248 242 1287 304 11.
1705 196 1783 295 tete

77 365 215 439 cognosci
230 365 341 437 posset,
356 361 489 418 Christus
504 368 564 418 erat
580 362 757 419 nasciturus.
775 364 834 420 lino
849 363 902 437 itti,
918 367 945 434 Α
961 368 1088 428 maximo
1103 376 1201 430 autam
1216 375 1381 429 sanctorum
1407 368 1478 426 ordo
1502 367 1698 433 sacerdotum,
1731 363 1782 435 qui

77 457 214 512 videlicet
224 453 312 526 magi,
327 453 505 522 nescierunt,
520 451 676 525 etquidem
689 458 802 527 poterat
813 455 907 512 lacere
959 465 1076 533 propter
1085 479 1152 520 eum
1164 463 1297 520 coelibem
1310 462 1452 519 ducentes
1460 458 1562 523 vitam,
1573 452 1782 528 semperaitari

82 550 157 604 Deus
173 547 203 603 in
221 545 335 619 primifl.
359 544 436 617 quod
454 543 520 601 fecii
534 545 731 616 postmodum,
746 549 779 601 ut
797 544 909 602 scilicet
959 558 1063 622 praesto
1079 558 1160 623 sunt,
1175 553 1278 610 olierre
1292 552 1335 609 illi
1350 552 1504 607 incensum
1521 547 1783 621 dignum,etontne

80 638 231 695 venientes
245 636 311 692 illos
325 636 362 691 ab
378 635 504 701 Oriente,
520 634 660 690 continuo
676 656 691 685 ι(
714 634 797 692 stella
819 652 906 708 quom
959 647 1095 698 sanctum
1108 644 1219 717 jugiter
1233 642 1351 715 exsequi
1367 640 1442 698 sacri
1454 637 1556 697 aitaris
1571 637 1635 708 ejus
1649 633 1782 690 ministe-

82 729 226 794 viderant,
251 726 444 792 antecederet,
471 741 562 794 usque
588 725 658 780 dum
678 725 799 781 veniens
817 729 907 782 staret
959 729 1045 786 rium.
1058 733 1160 789 ltidem
1170 749 1276 791 aurum
1286 730 1431 804 ejusmodi
1444 731 1504 785 tota
1512 725 1631 800 quidem
1643 723 1685 779 ilii
1699 722 1783 780 ollert

79 834 170 891 supra
182 817 230 873 uhi
246 823 305 872 eret
322 830 413 887 puer,
428 815 478 870 sed
495 813 594 870 dilatio
611 815 671 870 haeo
688 813 768 870 utilis
783 818 856 886 erat,
875 819 908 871 nt
958 819 1096 889 Ecclesia,
1113 824 1234 879 credens
1249 827 1278 879 et
1292 822 1446 890 confitens,
1463 818 1533 891 quia
1548 813 1674 873 surrexit
1683 821 1711 869 et
1725 814 1783 869 im·

77 906 197 964 interim
212 904 262 977 qui
274 903 309 960 de
320 904 391 961 coelo
403 907 573 976 acceperant
584 903 712 975 signum,
724 903 861 961 audirent
872 905 907 960 de
958 910 1121 968 mortaliter
1137 918 1239 985 regnat
1254 912 1304 985 qui
1320 910 1452 969 mortalis
1465 912 1494 965 et
1517 910 1652 963 mortuus
1676 903 1781 971 iuerat,

75 997 227 1069 Scriptura
242 994 402 1051 testimonii
414 993 724 1065 firmamentum,quod
736 1010 817 1066 aque
828 1010 907 1050 nuuc
958 999 1082 1057 maxime
1097 1006 1197 1059 eutem
1210 1018 1313 1076 regum
1328 1005 1356 1058 et
1368 1000 1535 1072 principum
1552 994 1691 1069 potentia,
1708 990 1782 1047 divi-

82 1087 205 1163 prodest
220 1085 315 1157 nohis,
332 1090 451 1159 propter
465 1099 539 1156 quos
554 1087 599 1140 est
614 1083 770 1156 seriptum,
786 1088 819 1140 nt
839 1101 905 1155 pro·
959 1091 1082 1162 tumque
1098 1091 1230 1148 bdelium
1242 1087 1499 1163 opulentiaquifad
1510 1083 1783 1143 construendasno·

76 1176 132 1234 fust
147 1174 217 1247 Ulli,
233 1178 351 1248 impie?
372 1190 446 1245 ‘1⁰⁰³
466 1177 536 1228 &¹¹¹0
557 1171 612 1229 fust
634 1173 800 1229 militatum·
826 1173 905 1240 Ouid
959 1178 1031 1235 mini
1045 1180 1110 1252 ejus
1124 1180 1273 1248 ecclesias,
1288 1194 1393 1236 aurum
1407 1181 1436 1234 et
1448 1169 1784 1249 argentumilliddeliter

78 1266 199 1323 tandem
215 1266 250 1320 de
264 1263 437 1320 muneribus
451 1262 621 1331 dicendum,
641 1278 703 1335 quie
728 1261 771 1319 ilii
793 1261 905 1319 obtule·
959 1267 1141 1339 obtulerunt,
1162 1269 1340 1341 domumque
1351 1269 1426 1341 ejus,
1443 1265 1514 1339 «qui
1527 1280 1592 1320 cum
1604 1262 1782 1329 divesessct,

54 1392 57 1399 -
77 1357 172 1414 runt‘l
189 1355 325 1412 luditum
340 1360 368 1411 et
380 1353 493 1411 celebre
517 1352 625 1409 lactum
650 1357 695 1409 est
714 1354 744 1409 in
770 1353 905 1408 universo
957 1363 1076 1432 propter
1088 1376 1141 1416 nos
1157 1376 1269 1432 pauper
1284 1360 1377 1415 lactus
1393 1353 1562 1429 eet(11Cor.
1579 1353 1651 1423 vni),
1665 1371 1680 1400 n
1693 1349 1783 1421 largis

79 1447 149 1504 orbe
164 1445 305 1519 gaudium
320 1443 463 1515 ipsorum.
476 1442 690 1510 Quievidenies
702 1441 905 1500 stellamante·
959 1447 1090 1506 donariis
1105 1448 1283 1518 ditaverunt,
1294 1449 1379 1520 juxta
1394 1445 1466 1502 iilud
1479 1440 1693 1517 propheticum,
1704 1438 1782 1510 quod
1870 1496 1873 1501 ,

79 1539 231 1595 cedentem
247 1551 287 1604 se,
305 1551 392 1608 quam
407 1534 541 1591 viderant
556 1533 585 1591 in
602 1534 728 1605 Oriente,
739 1539 768 1592 et
779 1540 904 1594 stantem
957 1538 1017 1593 tam
1034 1537 1198 1595 secundum
1214 1537 1343 1594 litteram
1360 1551 1450 1610 quam
1472 1529 1782 1602 secundumspiritum

79 1650 93 1678 u
109 1644 199 1701 supra
212 1627 333 1683 domum
350 1626 401 1682 uhi
416 1629 478 1682 erat
500 1642 583 1697 puer,
605 1625 698 1698 gavisi
713 1631 784 1684 sunt
797 1628 905 1701 gaudio
956 1627 1147 1684 verissimum
1157 1633 1211 1685 est.
1228 1628 1263 1684 Et
1276 1627 1363 1695 vivet,
1374 1625 1404 1682 id
1419 1629 1462 1682 est
1473 1630 1615 1696 resurget,
1630 1643 1643 1671 c
1658 1623 1687 1676 et
1700 1617 1782 1675 debi-

76 1735 184 1791 maguo
199 1716 299 1786 valda;
313 1716 492 1773 otintrantes
505 1717 636 1789 domum,
648 1718 821 1775 invenerunt
831 1726 942 1793 pue-B
959 1721 1008 1773 tur
1020 1716 1046 1772 ei
1062 1718 1097 1775 de
1112 1735 1183 1775 auro
1198 1716 1321 1775 Arabiae.
1337 1716 1431 1789 Reges
1445 1713 1543 1772 Tarsis
1559 1715 1588 1770 et
1598 1709 1701 1768 insulae
1716 1725 1783 1764 mu-

74 1824 139 1864 rum
153 1823 220 1863 cum
237 1805 329 1862 Maria
340 1810 433 1863 matre
444 1807 519 1877 ejus,
532 1810 561 1862 et
571 1806 754 1879 procidentes
764 1807 903 1864 adorave-
959 1823 1029 1863 nera
1041 1807 1171 1880 niterent,
1188 1824 1270 1880 reges
1287 1807 1415 1863 Arabum
1427 1804 1626 1862 etSehadona
1638 1800 1783 1857 adducent

79 1900 150 1954 runt
163 1913 246 1965 eum;
263 1899 293 1951 et
309 1894 419 1968 apertis
434 1893 582 1951 thesauris
598 1894 675 1966 suis,
692 1895 861 1952 obtulerunt
876 1896 901 1952 ei
956 1898 1150 1973 (Pccl.v11).n
1167 1899 1253 1955 Recte
1277 1898 1368 1971 igitur
1391 1912 1515 1953 munera
1540 1894 1601 1950 hec
1627 1906 1676 1949 ore
1700 1905 1783 1947 sacro

78 2003 211 2054 munera,
231 2001 348 2055 aurum,
362 1985 432 2040 thus
447 1987 477 2040 et
492 1984 652 2057 myrrham.
669 2005 684 2035 »
698 1984 773 2041 Vere
786 1985 901 2043 coelitus
961 1979 1781 2061 evangelistamagnificavit,etsicmngniiiceeountiavit,

76 2075 302 2151 inspirati,vere
313 2074 425 2132 ooelesti
435 2074 599 2132 ministerio
611 2075 903 2149 docti,veramqueet
960 2076 1142 2145 utdicturus,
1155 2100 1169 2128 c
1180 2078 1349 2134 obtulerunt
1361 2076 1388 2135 ei
1399 2092 1532 2144 munere,
1553 2096 1567 2126 n
1584 2071 1783 2146 praemitteret,
1879 2108 1882 2115 -

75 2168 223 2226 coelestem
236 2168 379 2224 habentes
394 2166 547 2223 materiam
567 2167 725 2240 gaudendi.
748 2168 835 2236 Quid,
857 2167 901 2223 in·
960 2186 971 2214 r
987 2171 1016 2223 et
1029 2167 1138 2239 apertis
1148 2166 1294 2223 thesauris
1307 2167 1380 2224 suis.
1399 2169 1493 2222 »Num
1505 2179 1570 2220 vere
1580 2159 1712 2218 thesauri
1725 2158 1785 2215 iue-

74 2275 174 2331 quam,
191 2257 238 2314 hic
260 2257 430 2325 dicendum,
454 2255 510 2312 uisi
533 2258 603 2329 quia
624 2257 772 2329 propheta
797 2257 854 2329 ipsi
873 2261 903 2314 et
956 2256 1203 2326 runt,etthesauri
1216 2254 1529 2329 merenturappelIari,
1543 2270 1598 2309 non
1615 2257 1670 2309 tam
1688 2251 1784 2306 sistar-

77 2347 248 2422 propbetica
260 2346 393 2420 ipsorum
411 2362 535 2402 munera
552 2344 689 2403 luerunt?
704 2346 861 2403 Veritatem
873 2351 902 2404 et
956 2347 996 2403 tia
1005 2344 1500 2419 seuthecaequalescnaque,quibus
1507 2343 1611 2400 clause
1619 2340 1728 2414 portari
1734 2356 1783 2412 po·

78 2436 335 2495 mansuetudinem
351 2441 380 2493 et
394 2435 518 2508 gloriam
530 2441 558 2493 et
583 2436 723 2493 honorem
748 2437 900 2510 protestati
955 2430 1782 2509 terantspeciesejusmodi‚quamonrdsipeaofferentium,

80 2530 161 2595 sunt,
177 2528 328 2583 veritatem
338 2530 496 2598 assumpte
506 2525 615 2594 cernis,
628 2527 901 2595 mansuetudinem,
957 2542 1081 2599 quorum
1094 2524 1319 2584 exabundantia
1332 2529 1492 2598 potuerunt
1504 2521 1645 2580 invisibili
1663 2520 1721 2578 Deo
1735 2521 1782 2576 in·

76 2618 106 2675 id
122 2622 168 2675 est
181 2617 378 2674 humilitatem
394 2616 553 2690 passionis,
569 2615 692 2690 gloriam
709 2617 802 2689 regni,
817 2617 901 2674 etho·
956 2615 1111 2688 visibiliter
1124 2616 1247 2689 proferri
1257 2633 1351 2674 cause
1366 2621 1428 2672 tam
1438 2619 1556 2685 sanotae,
1567 2630 1640 2685 quas
1652 2609 1781 2668 Ecclesia

78 2724 179 2765 norem
196 2706 368 2778 divinitatis,
386 2706 474 2762 unius
489 2706 680 2778 ejusdemque
694 2706 765 2763 lesu
781 2705 899 2764 Christi.
954 2709 1058 2763 sancta
1074 2706 1103 2760 in
1114 2705 1174 2761 illis
1185 2706 1340 2777 speciebus
1350 2704 1516 2762 visibilibus
1526 2701 1731 2760 venerabiliter
1741 2700 1782 2755 in·

75 2821 90 2850 a
105 2800 235 2864 Quatuor
249 2797 338 2853 iacies
353 2796 405 2852 uni
420 2798 514 2865 erant,
530 2796 570 2852 ait
585 2796 737 2869 propheta,
749 2796 836 2852 iacies
848 2795 899 2853 hn·
957 2795 1074 2869 telligit.
1086 2794 1286 2851 Nihilominus
1298 2800 1327 2851 et
1336 2794 1476 2868 gaudium
1488 2792 1606 2849 illorum
1618 2791 1660 2847 sic
1671 2788 1783 2861 magni-

76 2886 178 2956 minis,
194 2886 282 2943 socies
298 2884 401 2953 ieonis,
418 2885 506 2943 iacies
521 2884 618 2952 vituli,
634 2890 663 2943 et
679 2885 767 2942 lenies
793 2884 898 2958 aquile
954 2885 1165 2956 licavit,utnnn
1177 2882 1457 2953 contentusdixisee,
1473 2904 1488 2933 (ι
1499 2879 1592 2955 gavisi
1614 2883 1684 2936 sunt
1709 2894 1781 2948 gau-

75 2979 199 3037 volantis
215 2979 320 3049 (Bacch.
336 2979 375 3051 x).
398 2999 412 3028 u
435 2978 566 3043 Quatunr
586 2978 659 3035 istae
674 2977 761 3035 iacies
772 2982 900 3051 quatuor
954 2973 1002 3030 dio
1017 2989 1135 3047 magno,
1153 2995 1168 3024 a
1183 2974 1313 3041 edderet,
1331 2995 1346 3024 a
1360 2972 1454 3042 vaide,
1470 2992 1485 3023 a
1501 2971 1571 3043 quia
1588 2985 1686 3026 revera
1699 2966 1781 3040 gavi·

75 3073 190 3126 constat
204 3085 269 3125 esse
285 3071 478 3134 sacramenta,
495 3083 558 3138 quie
574 3068 686 3125 nescire
701 3067 899 3125 nonlicetho·
918 3065 1069 3156 Csisuut,
1081 3087 1095 3115 a
1115 3065 1222 3137 gaudio
1242 3079 1349 3138 magno
1364 3063 1457 3136 gavisi
1468 3067 1548 3131 sunt,
1564 3080 1580 3115 n
1595 3066 1624 3117 et
1638 3059 1779 3134 gaudium

72 3160 143 3216 mini
164 3158 336 3214 Christiana
350 3157 560 3230 {professionis
583 3157 694 3215 scilicet
724 3157 901 3215 iucarnatio·
953 3153 1161 3211 eorumiuitin
1180 3152 1291 3226 Spiritu
1311 3150 1487 3225 sancto,qui
1509 3155 1538 3208 et
1551 3148 1734 3222 iudicantem
1752 3150 1782 3202 et

74 3265 152 3316 nem,
163 3246 593 3320 passionem,reeurrectionsm
604 3249 901 3320 atqueoscensionam
953 3245 1182 3304 exsultationem
1190 3244 1494 3315 thesaurizavitsuper
1506 3259 1565 3314 eos,
1588 3240 1695 3315 quihus
1707 3237 1781 3295 nibil

79 3337 211 3409 ejusdem
226 3337 296 3393 lesu
313 3335 432 3404 Christi,
448 3352 573 3407 querum
587 3337 666 3394 circa
688 3337 899 3409 inspectionem
952 3335 1046 3392 deluit
1062 3335 1097 3392 de
1111 3334 1432 3407 plenitudinesoicntta
1443 3333 1487 3390 vel
1502 3331 1581 3401 ssdei,
1594 3346 1684 3404 quae
1696 3326 1781 3386 nohis

80 3429 220 3485 laniorum
236 3430 297 3483 tota
311 3431 445 3483 versatur
457 3426 582 3482 intentio
593 3426 899 3500 presentisnpusouii.
952 3424 1075 3496 exigitur
1090 3425 1204 3481 diutina
1226 3429 1395 3481 sanctarum
1411 3422 1631 3495 scripturarum
1655 3419 1781 3476 lectione
1894 3478 1896 3485 ,

73 3520 188 3576 Faciem
204 3535 294 3575 unam
310 3535 345 3574 ex
359 3516 417 3587 his,
433 3515 568 3573 videlicet
583 3515 686 3572 faciem
698 3516 902 3588 hominisprne·
951 3511 1115 3580 instructis,
1125 3513 1597 3586 quodcnmprobnlnrexipsnrum
1608 3508 1781 3565 muneribus

76 3613 189 3668 sentem
201 3608 386 3674 invenerant,
403 3620 492 3676 quam
509 3613 536 3661 et
557 3604 741 3677 procidentes
764 3605 901 3662 adorave-
952 3600 1025 3657 bene
1040 3600 1244 3657 consideratis.
1266 3603 1301 3657 Et
1325 3599 1391 3656 vide
1407 3604 1516 3670 quanta
1531 3599 1568 3654 sit
1592 3597 1734 3653 distantia
1748 3596 1778 3652 in

78 3703 157 3766 runt,
172 3702 292 3754 ceteras
307 3696 439 3769 mysticis
456 3694 629 3751 muneribus
645 3693 818 3750 mirabiliter
830 3711 901 3767 pre-
952 3689 1047 3747 modia
1061 3689 1205 3759 discendi,
1222 3692 1367 3763 quantum
1390 3688 1478 3745 distet
1490 3689 1566 3745 inter
1580 3684 1778 3743 eruditionem

75 3789 275 3861 signaverunt.
292 3785 407 3859 Myrrha
422 3784 526 3841 faciem
537 3783 671 3853 vituli‚id
683 3789 900 3841 estsaoramen·
951 3776 1032 3835 illius
1047 3777 1099 3852 qui
1124 3795 1175 3852 per
1189 3777 1326 3850 angelum
1340 3777 1402 3834 sive
1418 3793 1470 3855 per
1488 3776 1638 3834 hominem
1655 3779 1683 3833 et
1699 3774 1779 3830 iliius

76 3883 140 3934 tum
156 3875 313 3949 passionis,
329 3874 900 3948 quaipseeacrissoandusatquemistura
952 3866 1003 3940 qui
1017 3884 1069 3940 per
1082 3867 1176 3925 solam
1187 3866 1418 3941 Spiritussancti
1428 3865 1636 3923 revelationem
1650 3867 1779 3921 meretur

78 3965 202 4040 myrrha
218 3969 246 4023 et
260 3965 339 4022 alnes
355 3964 553 4021 condiendum
570 3966 632 4020 erat
645 3963 901 4036 insepulturanor·
950 3966 1070 4025 erudiri.
1079 3989 1093 4019 α
1104 3967 1238 4025 Pastores
1249 3964 1657 4039 »itaqueJudaei,quippequi
1669 3986 1683 4017 u
1694 3963 1724 4020 in
1735 3980 1779 4021 re·

75 4075 130 4130 pus
144 4058 219 4129 ejus.
237 4061 348 4112 aarum
365 4055 469 4112 laniem
483 4053 587 4124 leonis,
603 4054 631 4110 id
649 4058 694 4112 est
714 4053 836 4127 gloriam
853 4072 899 4114 re·
950 4056 1035 4131 gione
1044 4057 1147 4114 eadem
1155 4061 1238 4114 erant
1247 4055 1448 4129 vigilantee,et
1458 4054 1655 4112 custodientes
1663 4052 1778 4125 vigilias

75 4147 268 4205 surrectionis
284 4162 336 4219 per
350 4161 438 4217 quam
454 4160 531 4212 caro,
548 4159 638 4217 quam
654 4144 899 4203 exnobismorta·
952 4146 1045 4205 unctis
1055 4164 1145 4220 supra
1154 4162 1270 4220 gregem
1282 4163 1369 4204 suum
1382 4150 1459 4216 (Lac.
1471 4144 1513 4218 vr),
1526 4166 1542 4196 a
1554 4160 1610 4202 non
1621 4160 1673 4218 per
1683 4143 1778 4200 homi·

74 4240 131 4296 lem
143 4235 897 4313 susceperat,tantummeliorataest,qnantoaurum
952 4253 1029 4304 nem,
1046 4237 1096 4294 sed
1111 4236 1204 4308 (quod
1215 4236 1310 4307 maim
1320 4238 1377 4303 est)
1387 4233 1709 4307 perangelum,natum
1721 4230 1777 4289 eibi

74 4331 194 4403 pulvere
209 4347 261 4386 seu
276 4329 347 4385 limo
363 4332 446 4384 terrac
461 4326 615 4399 pulchrius
630 4331 718 4399 atque
741 4329 898 4400 pretiosius
952 4344 1016 4385 esse
1032 4325 1211 4383 Salvatorem
1227 4325 1377 4383 Christum
1391 4324 1548 4382 Dominum
1564 4324 1740 4393 didicerunt,
1751 4330 1781 4380 st

74 4423 128 4476 oet.
144 4419 242 4475 Thura
258 4418 361 4474 laniem
378 4416 480 4489 aquila
495 4415 632 4483 volantia,
649 4418 899 4476 ideeteublimita-
958 4423 1056 4475 tamen
1073 4432 1131 4474 nnn
1147 4417 1220 4474 adeo
1235 4416 1313 4473 docti
1327 4417 1388 4473 sive
1402 4415 1508 4472 eruditi
1517 4415 1648 4486 luerunt,
1665 4418 1698 4470 ut
1712 4431 1778 4487 pro·

75 4517 133 4566 tem
150 4508 341 4575 ascensionis,
352 4507 510 4565 etccmler·=
536 4508 897 4582 nemaddextramPatris,
956 4507 1087 4564 cidautes
1103 4506 1269 4577 adorarent,
1285 4510 1337 4564 aut
1352 4521 1474 4563 monera
1487 4504 1633 4574 offerrent,
1649 4505 1701 4561 sed
1716 4507 1780 4562 tan·

77 4616 112 4657 ex
126 4615 182 4669 qua
196 4600 263 4655 dato
279 4597 451 4653 homininus
466 4597 578 4668 Spiritu
595 4600 696 4654 sancto
713 4598 901 4670 cognitusest
954 4598 1107 4656 tummodn
1122 4600 1322 4655 veneruutet«
1338 4596 1580 4670 coguoveruntde
1592 4595 1690 4666 verbo,
1700 4596 1777 4669 quod
1874 4644 1877 4649 .

76 4690 154 4761 quod
173 4691 248 4746 Deus
264 4687 302 4744 sit
319 4686 397 4742 idem
414 4685 505 4742 Filius
521 4685 584 4754 Dei,
599 4686 647 4743 nui
662 4686 838 4745 sacrificium
854 4688 899 4745 in·
953 4682 1062 4739 dictum
1079 4686 1141 4740 erat
1152 4681 1211 4739 iliis
1226 4681 1261 4739 de
1272 4697 1362 4753 puero
1372 4680 1438 4752 hoc,
1448 4685 1478 4736 et
1487 4680 1593 4738 reversi
1604 4685 1673 4737 sunt
1687 4679 1777 4752 glori·

75 4778 157 4835 censi
171 4778 338 4851 legitimum
349 4777 418 4847 jore
431 4775 536 4832 debeat
551 4774 662 4847 nllerri,
678 4792 758 4848 eque
768 4778 898 4846 utPatri,
956 4772 1077 4830 deantes
1091 4777 1121 4830 et
1139 4771 1295 4829 laudentes
1311 4775 1402 4829 Deum
1425 4769 1528 4845 (idioti
1547 4794 1558 4823 v
1576 4770 1628 4828 leti
1643 4769 1778 4844 primitias
1893 4778 1896 4787 “

73 4872 102 4924 et
118 4873 219 4924 sancto
234 4865 367 4939 Spiritui.
379 4866 413 4921 Et
426 4860 571 4936 ejusmodi
588 4865 737 4939 myrrham
752 4870 814 4923 tota
833 4869 898 4939 qui·
953 4871 1095 4944 gentium,
1111 4887 1206 4945 neque
1216 4885 1269 4944 per
1282 4870 1432 4927 hominem
1448 4869 1536 4940 docti,
1552 4886 1645 4943 neque
1660 4886 1710 4942 per
1724 4887 1779 4928 an-

74 4961 141 5014 dom
157 4956 198 5013 illi
214 4957 299 5013 niiert
313 4959 414 5011 sancta
429 4952 565 5023 Ecclesia,
582 4955 652 5011 dnm
668 4957 898 5015 credeneetcon·
952 4960 1057 5035 gelum,
1069 4961 1120 5018 sed
1132 4976 1184 5033 per
1192 4959 1334 5034 Spiritum
1346 4965 1493 5031 sanctum,
1505 4961 1592 5017 modo
1602 4960 1637 5017 de
1648 4976 1706 5033 quo
1712 4961 1777 5034 jam

76 5046 173 5112 fitens,
185 5045 261 5116 quod
278 5058 343 5098 vere
357 5058 461 5114 passus
477 5043 601 5099 mortuis
615 5047 644 5100 et
658 5043 790 5116 sepultus
800 5045 897 5116 luerit,
952 5050 1133 5120 dictumest,
1148 5049 1265 5107 laudem
1281 5051 1473 5124 perfecerunt,
1498 5060 1526 5108 et
1549 5056 1609 5108 tres
1633 5052 1777 5126 homines,

77 5133 216 5189 vitiorum
234 5130 384 5189 insomnia
395 5133 897 5203 proptereummortiilcat,maxime
950 5139 1046 5198 trihus
1060 5140 1195 5214 partibus
1210 5140 1301 5209 orbis,
1313 5139 1400 5212 lisiae,
1416 5141 1537 5213 Europe
1564 5147 1651 5214 etque
1674 5142 1776 5200 Africae

76 5226 175 5278 autem
190 5222 335 5278 exercitus
351 5220 896 5295 martyrumquigustumortieamaro
951 5228 1019 5286 tidei
1033 5229 1079 5286 vel
1101 5230 1294 5288 confessionis
1316 5236 1404 5303 atque
1427 5231 1606 5290 adorationis
1630 5231 1779 5304 exemplar

75 5310 204 5383 passioni
219 5313 283 5382 ejus
293 5308 595 5366 communicaverunt.
605 5311 677 5367 item
689 5310 895 5384 thueejuemo·
949 5319 1074 5376 existere
1088 5324 1266 5377 meruerunt.
1282 5324 1396 5378 Interea
1406 5321 1488 5379 decet
1502 5325 1667 5380 reverenter
1680 5321 1777 5378 intue-

74 5401 115 5466 di,
131 5402 192 5456 tota
207 5399 326 5472 quidem
340 5397 382 5453 iili
396 5396 476 5454 oilert
492 5398 623 5456 Ecclesia
637 5401 759 5458 credens
770 5402 899 5461 etonnil-
950 5407 986 5475 ri,
1002 5425 1092 5480 qnam
1107 5410 1247 5467 veraciter
1261 5417 1362 5468 sancta
1376 5411 1527 5484 Scriptura
1541 5411 1647 5467 dixerit
1660 5411 1695 5467 de
1719 5410 1776 5468 isto

74 5495 152 5559 tens,
170 5488 319 5563 quievere
334 5487 412 5544 Deus
427 5491 482 5558 est,
498 5491 528 5544 et
542 5511 557 5539 «
581 5489 678 5547 omnis
702 5490 732 5547 in
750 5506 784 5548 eo
804 5490 896 5563 pleni·
950 5495 1002 5553 tali
1017 5497 1078 5555 illio
1093 5498 1222 5556 hominis
1237 5515 1244 5556 ε
1261 5521 1276 5550 a
1292 5499 1424 5557 Minuisti
1438 5516 1506 5557 eom
1523 5499 1723 5573 paulominus
1738 5499 1774 5557 sb

79 5580 152 5639 tudo
165 5579 328 5638 divinitatis
342 5576 533 5652 corporaliter
546 5578 693 5639 inhabitat
707 5581 821 5656 (Colore.
830 5584 896 5657 ut»
950 5586 1064 5661 angelis
1078 5588 1168 5664 (Psoi.
1179 5592 1253 5664 vui).
1268 5612 1285 5643 n
1295 5590 1426 5663 Denique
1436 5590 1571 5648 attactus
1583 5594 1647 5649 erat
1660 5605 1696 5650 ex
1708 5606 1775 5649 mu·
