3826 6014
141 235 200 297 est
684 222 860 288 auream
881 221 1047 284 aeserta
1069 221 1308 284 rurrrnusrs.
1504 262 1509 271 .
1696 182 1700 189 ’
1787 219 1849 280 aas

143 369 205 439 jam
221 371 291 423 tuno
306 364 448 436 arguebat
465 360 595 434 Spiritus
620 363 749 424 sanctus,
772 362 832 413 tam
858 356 888 412 iu
912 355 969 412 isto
985 364 1008 424 Α
1024 356 1118 413 sionis
1133 373 1168 413 ex
1183 357 1246 429 ipso
1262 357 1446 427 impregnata
1460 356 1514 424 est,
1540 352 1675 409 credente
1701 351 1848 408 Abraham

147 473 235 529 quam
252 457 281 510 in
297 455 408 510 castoris
426 451 576 524 prophetis
591 450 709 521 singula
724 447 818 520 cupita
831 446 968 503 draconis
1024 446 1080 502 sibi
1093 446 1274 518 promittenti
1284 445 1393 501 ethsno
1404 441 1848 516 tidemgentisoaerelinqueato,

148 547 258 604 hiantia
272 536 969 615 crudeliter,adperniciemsuprndictamulieris
1024 535 1102 607 quod
1120 536 1151 592 in
1166 535 1278 592 samiae
1293 535 1366 605 ejus,
1383 533 1460 604 quod
1478 537 1524 588 est
1538 531 1684 598 Christus,
1706 530 1850 587 universas

147 638 176 693 in
187 640 268 691 utero
279 634 426 701 habentis,
436 632 522 688 neilli
536 635 703 687 nasceretur
713 629 794 685 filius
808 626 968 689 masculus,
1024 630 1126 698 gentes
1141 624 1393 681 benedicerentur.
1410 621 1444 677 ln
1462 637 1519 692 quo
1534 620 1613 677 eirca
1623 619 1759 676 dilectam
1775 620 1853 691 ejus·

147 727 197 799 qui
215 724 375 797 perveniret
391 723 426 778 ad
442 722 533 778 Deum
549 726 577 776 et
592 721 627 777 ad
643 720 782 775 thronum
798 719 875 789 ejus,
900 731 971 789 que·
1027 714 1106 770 modi
1121 718 1227 771 extunc
1242 713 1298 769 tuit
1312 711 1458 769 emulatio
1474 709 1550 766 boii
1566 710 1597 765 ln
1613 725 1646 766 eo
1661 708 1795 765 videlicet
1821 712 1856 765 ut

148 813 338 871 madmodum
354 810 425 864 dicit
439 809 512 881 ipse.
526 809 597 877 Quin
612 807 647 862 nd
660 815 768 878 putrem
783 804 860 871 uado,
876 811 901 859 et
910 804 973 875 inm
1027 820 1091 861 esra
1106 802 1249 877 virginem
1265 808 1375 859 castam
1392 800 1541 857 exhiberet
1558 800 1627 867 sibi,
1644 803 1677 855 ut
1692 817 1749 857 non
1762 799 1853 856 iorni·

54 946 58 951 -
148 901 344 960 ncnuidebitic
367 915 411 954 rne
434 903 529 966 (loon.
553 899 621 968 xvi).
648 897 680 951 ln
707 895 759 951 hoc
781 893 908 965 denique
930 897 975 948 est
1028 898 1144 951 caretur
1158 909 1225 949 cum
1241 892 1296 948 diis
1311 890 1425 959 alienis,
1442 890 1571 963 paritura
1585 889 1759 959 itliumsibi,
1776 891 1855 963 pari·

149 992 264 1064 justitia
279 990 339 1057 Dei,
355 989 385 1044 in
401 987 456 1044 hoc
467 987 650 1059 justificatus
665 989 711 1041 est
726 984 803 1040 Deus
819 984 848 1037 in
862 997 973 1038 sermo·
1029 988 1098 1041 tura
1109 984 1219 1040 mondo
1231 986 1381 1039 auctorem
1392 981 1509 1042 salutis.
1521 980 1856 1053 contraquemeratbaec

152 1081 240 1137 nibus
255 1078 327 1145 suis,
343 1077 413 1149 quia
429 1076 503 1132 sicut
519 1075 683 1147 promissit,
700 1073 740 1128 sic
752 1071 862 1143 juravit
872 1070 974 1138 David,
1030 1073 1098 1129 talis
1114 1072 1261 1128 aemulatio
1278 1071 1338 1127 Dei.
1354 1070 1499 1126 Nimirum
1516 1069 1706 1127 contrahunc
1718 1070 1858 1142 supradi-

152 1171 194 1227 ita
207 1171 240 1225 de
253 1171 347 1238 fructu
362 1168 467 1222 ventris
481 1166 541 1236 ejus
561 1180 642 1234 snper
665 1162 755 1219 sedern
777 1178 856 1217 cunm
880 1158 978 1231 posuit
1032 1168 1112 1220 ctum
1128 1164 1294 1232 draconem,
1310 1161 1361 1232 qui
1377 1161 1488 1217 habens
1511 1161 1607 1233 capita
1631 1164 1751 1233 septem,
1776 1161 1862 1217 stetit

153 1259 240 1331 (Peri
257 1256 362 1327 cml).
379 1261 408 1311 ri
421 1255 457 1310 dr
481 1254 535 1310 hrr
556 1252 672 1324 iuriiiir
694 1250 923 1323 redarguebatur
947 1249 977 1302 iu
1033 1258 1100 1311 ante
1111 1253 1193 1309 illam
1205 1252 1370 1319 mulierem,
1383 1250 1512 1307 Verbum
1524 1249 1762 1322 promissionisiu
1773 1253 1858 1305 utero

154 1346 314 1419 prophetis,
337 1343 487 1415 rrdrrssrril
502 1343 531 1398 in
551 1340 708 1412 Errrgrlw
728 1339 885 1409 muudum,
910 1337 979 1410 quiri
1035 1344 1200 1410 habentem,
1212 1345 1378 1398 uteamaut
1389 1344 1589 1413 corrumperet
1600 1340 1859 1406 auliateriiceret;

155 1435 307 1492 laborabat
322 1450 358 1489 no
374 1433 414 1489 ita
428 1432 506 1488 Deos
523 1430 551 1486 ia
564 1428 753 1486 sermonibus
763 1429 824 1485 suis
834 1426 979 1498 justiiloa·
1034 1434 1064 1490 td
1079 1439 1123 1489 est
1137 1432 1249 1488 habens
1264 1446 1355 1503 regna
1365 1435 1490 1503 septem,
1501 1446 1566 1502 qua
1574 1446 1664 1500 supra
1668 1430 1731 1501 jam
1743 1444 1859 1485 memo.

158 1528 247 1595 retur,
263 1522 482 1595 quiaiaboravit
492 1519 620 1592 amplius
632 1522 804 1576 coruscante
815 1515 980 1588 Evangelio,
1036 1529 1100 1581 rata
1114 1528 1192 1592 sunt,
1208 1522 1288 1580 stetit
1303 1521 1405 1594 etegit
1428 1524 1530 1577 eontra
1551 1519 1704 1576 iudaicam
1729 1522 1861 1592 gentem,

159 1630 195 1670 ne
211 1613 251 1668 ita
266 1619 341 1668 Deus
366 1612 395 1666 in
420 1611 607 1667 sermonibus
631 1608 694 1664 suis
715 1623 781 1664 esse
798 1606 982 1678 justificatus
1037 1615 1178 1671 adversus
1193 1613 1362 1669 Davidieam
1378 1610 1512 1683 stirpem,
1529 1613 1639 1667 uisam
1656 1608 1864 1665 autinanima

160 1702 376 1776 prediceretur·
393 1704 493 1767 Porro,
509 1698 657 1769 dejudirir
670 1696 814 1769 quomodo
827 1697 888 1766 itm
912 1700 982 1750 tuac
998 1727 1023 1793 B
1039 1719 1089 1776 per
1104 1701 1216 1759 cultam
1231 1700 1401 1757 idololatrian
1416 1699 1603 1767 adulteraret,
1620 1703 1671 1756 aot
1685 1700 1715 1754 in
1740 1713 1864 1770 corpore

161 1795 289 1849 mundus
300 1789 503 1864 arguebatur?
515 1788 650 1847 Nondum
661 1788 738 1843 enim
750 1785 985 1859 princepshujm
1037 1791 1171 1849 funditus
1181 1790 1325 1849 occideret
1340 1795 1427 1861 atque
1449 1789 1567 1846 deleret.
1591 1789 1683 1861 Igitur
1705 1787 1864 1853 aemulator,

161 1881 264 1940 mundi
280 1886 343 1937 rrri
354 1880 517 1952 judicatus,
535 1878 665 1934 [mudum
682 1880 744 1933 erut
758 1874 985 1946 iiludiudlrium
1038 1884 1068 1940 id
1083 1887 1128 1939 est
1142 1882 1299 1939 vehemens
1315 1885 1429 1937 amator
1443 1881 1528 1950 heus,
1539 1887 1568 1936 et
1577 1881 1711 1935 diducens
1721 1877 1864 1945 hominus,

162 1970 278 2035 mundi,
295 1971 330 2025 dr
346 1986 404 2041 quo
418 1968 548 2023 Srlrrirr
562 1967 694 2023 dicebat:
710 1964 926 2037 Nuncprineepc
940 1965 989 2019 hd·
1040 1973 1110 2046 quia
1123 1971 1256 2028 videlicet
1279 1970 1309 2027 in
1331 1971 1396 2042 ipsa
1419 1969 1604 2025 aemulatione
1629 1970 1747 2041 peccata
1770 1965 1869 2039 gentis

162 2062 206 2129 ius
221 2059 319 2116 mundi
333 2061 463 2130 ejicietur
477 2060 553 2128 irrrr
568 2059 660 2128 (donn.
676 2056 739 2125 xit).
755 2055 906 2121 Or⁰ffl⁰d⁰
921 2069 989 2126 0r80
1040 2062 1136 2135 ipsius
1151 2059 1257 2132 sepius
1273 2063 1318 2115 est
1334 2058 1425 2115 ultus.
1451 2057 1581 2130 Exempli
1605 2057 1718 2130 gratia:
1746 2056 1870 2121 Quando

165 2149 198 2206 dr
217 2149 324 2220 juditio
349 2148 494 2203 mundum
518 2146 670 2216 arguebat,
699 2143 756 2200 riri
782 2143 852 2215 quia
881 2144 989 2198 mimir
1042 2155 1157 2225 gentem
1174 2149 1256 2205 illam
1273 2149 1430 2205 emulatus
1441 2155 1495 2215 est,
1507 2146 1537 2202 in
1550 2148 1718 2221 dtgyptiaca
1731 2146 1870 2203 servitute

165 2237 281 2293 Viderir
296 2241 326 2292 ri
339 2235 502 2292 admirrrlfl
516 2234 633 2304 ringula
657 2232 793 2288 dr⁸⁰⁰¹¹i⁸
817 2231 923 2304 capito,
951 2230 992 2286 iit
1043 2242 1100 2297 diis
1111 2239 1214 2296 alienis
1224 2239 1410 2303 servientem,
1422 2241 1450 2294 et
1461 2237 1614 2294 descondit
1625 2236 1749 2292 liberare
1763 2252 1828 2291 eam
1840 2234 1870 2290 in

168 2323 650 2395 ⁰⁰⁰d⁰fflssrb⁸l⁰iissrl¹¹⁸ffld⁸m
667 2320 992 2391 ⁸iffli¹il⁰di⁰0fflj⁰di·
1045 2348 1132 2388 manu
1150 2327 1575 2402 potentietbrachioexcelso,
1604 2325 1738 2398 protinus
1767 2340 1871 2382 eorum

168 2416 255 2473 ⁰³¹¹(st
271 2415 414 2487 llilssssilris
432 2413 534 2469 mundi
552 2413 731 2469 Phrrflffllflm
749 2412 886 2466 Obrurrri
901 2426 993 2477 ΜΘ,
1045 2419 1309 2477 murmurationem
1326 2417 1368 2474 sie
1384 2417 1464 2473 ultus
1479 2423 1524 2474 est
1539 2421 1571 2473 ut
1586 2416 1750 2488 omnesqui
1766 2431 1873 2471 nome·

168 2521 256 2563 rimer
272 2502 599 2571 00ffl0d0r0¹1i502⁸b012
618 2501 889 2557 Nflburh0d⁰¹¹⁰⁸⁰r
908 2498 994 2572 (ium
1046 2511 1100 2570 rati
1117 2513 1234 2568 inerant
1248 2528 1264 2566 a
1279 2509 1383 2583 viginti
1399 2508 1485 2566 annis
1500 2513 1528 2564 ct
1548 2524 1650 2581 supra,
1666 2510 1828 2579 prostraret
1840 2505 1871 2561 in

64 2668 67 2675 .
169 2597 223 2653 bos
236 2596 329 2664 deret,
345 2599 440 2651 Antan
456 2593 485 2648 in
502 2591 632 2666 patibulo
648 2592 724 2664 quod
741 2590 823 2648 alteri
844 2594 997 2662 paraverat
1046 2604 1160 2658 deporto
1174 2601 1267 2672 (Nem.
1284 2599 1350 2672 xri).
1366 2598 1511 2670 Deinceps
1525 2613 1605 2669 ergo,
1622 2612 1673 2668 per
1685 2595 1874 2652 succedentia

170 2684 233 2757 ipse
250 2684 398 2755 penderet,
414 2682 577 2739 Antirrhur
591 2681 758 2754 Epiphrrrr
774 2681 837 2737 rire
849 2697 938 2737 muru
951 2679 997 2736 ir·
1046 2695 1179 2762 tempora
1194 2689 1308 2761 quoties
1322 2694 1524 2760 peccaverunt,
1541 2685 1657 2743 tradidit
1670 2701 1715 2742 eor
1729 2685 1760 2741 in
1775 2700 1875 2741 munus

171 2774 258 2831 imur
275 2773 413 2830 ississrirrl·
432 2773 474 2829 lii
489 2772 628 2828 nimirum
640 2770 785 2843 dedidicit
796 2770 996 2840 mflfldflijrm
1047 2780 1218 2854 pertimet
1231 2779 1369 2834 deminuti
1382 2793 1481 2833 eornm
1505 2775 1555 2849 pai
1579 2776 1699 2831 oderant
1720 2790 1766 2831 cer
1787 2775 1873 2847 (Pani.

171 2866 243 2921 tuno
252 2863 442 2937 arguebatur,
451 2862 521 2935 quia
533 2861 634 2918 videns
645 2860 827 2933 prodigiosas
839 2859 997 2930 impiorum
1048 2871 1103 2943 cv),
1116 2870 1170 2925 sed
1186 2872 1216 2924 et
1229 2868 1258 2923 in
1275 2866 1454 2939 quibusdam
1472 2882 1574 2922 eorum
1588 2862 1730 2936 corporati
1744 2863 1790 2920 vel
1800 2869 1875 2919 tem.

172 2953 326 3020 vindictas,
343 2956 441 3008 tamen
456 2952 491 3007 rb
504 2950 655 3023 ifflPiOiflir
666 2966 723 3006 ¹1⁰⁰
734 2949 883 3015 recedens,
896 2965 999 3005 rrrrlss·
1050 2959 1143 3034 porali
1158 2957 1269 3014 ultione
1284 2973 1342 3012 non
1359 2959 1524 3023 contentus,
1541 2954 1570 3010 in
1586 2952 1686 3010 anima
1701 2969 1819 3026 quoquo
1833 2957 1877 3010 ret

173 3043 244 3098 dum
260 3041 424 3113 exemplum
441 3056 553 3109 eorum,
571 3039 667 3094 locum
679 3042 707 3094 et
721 3042 838 3109 gentem
861 3037 999 3095 infestare
1051 3049 1139 3105 ottus.
1158 3047 1241 3103 Unde
1255 3050 1283 3102 et
1299 3044 1406 3118 repetit
1420 3046 1556 3101 nicecius
1570 3043 1712 3112 horninur,
1736 3043 1877 3115 additque

174 3149 232 3187 ⁰⁰11
248 3130 412 3197 derirrbrb
429 3129 506 3184 ¹¹¹1d0
518 3126 598 3183 ⁵³¹OE
611 3132 732 3183 venturi
743 3132 815 3184 erat.
829 3128 958 3184 Trrdrm
970 3133 999 3185 ri
1054 3141 1081 3195 et
1094 3138 1194 3193 liniens
1208 3138 1344 3208 furorem.
1359 3135 1401 3191 De
1411 3135 1521 3190 talibus
1533 3133 1607 3190 alius
1619 3132 1761 3205 propheta
1772 3133 1876 3188 divine

174 3220 246 3275 iliud
262 3235 319 3274 ¹1⁰ss
335 3218 580 3288 prfflirreurdumi
597 3215 666 3288 quir
688 3216 764 3273 Βῑθῦῑ
788 3216 837 3272 rili
863 3222 943 3286 runi,
969 3217 1000 3274 ir
1054 3226 1216 3283 concedens
1230 3224 1349 3297 justitiis
1365 3224 1437 3280 dicit
1452 3240 1458 3280 :
1475 3223 1561 3280 induc
1573 3239 1657 3288 cuper
1670 3237 1713 3278 ecc
1733 3223 1811 3278 diem
1830 3223 1878 3291 ns·

176 3307 286 3380 quibus
301 3306 429 3377 spirim
443 3305 573 3362 Vssfiifliifl
594 3306 693 3378 ⁸¹8⁰st
717 3307 873 3373 mundum,
896 3311 925 3362 02
951 3306 1001 3363 &lii
1054 3317 1193 3389 titutionis,
1210 3322 1236 3371 et
1250 3313 1355 3386 duplici
1368 3314 1544 3371 contritione
1555 3315 1667 3369 conitere
1681 3328 1736 3378 eos,
1762 3312 1879 3369 Domine

178 3396 285 3469 quibus
301 3396 364 3468 ipse
378 3401 422 3451 est
439 3395 614 3463 Paracletus,
630 3394 672 3450 ita
686 3393 789 3451 titulus
805 3395 859 3451 iste
874 3395 904 3451 in
920 3396 1000 3452 aliud
1054 3404 1123 3459 Deus
1137 3417 1214 3457 mens
1228 3402 1296 3473 (der.
1313 3401 1392 3470 xvir).
1408 3405 1443 3455 tit
1457 3400 1487 3455 iu
1499 3396 1725 3455 Deuteronomio
1734 3398 1879 3454 Dominus

177 3490 262 3559 atque
290 3487 371 3543 aliud
400 3485 540 3542 dividitur
566 3501 634 3541 onus
658 3485 771 3550 Ninive,
797 3487 869 3543 tiber
888 3487 1001 3542 cisionis
1055 3492 1146 3549 dicit:
1163 3491 1236 3562 ipris
1248 3505 1393 3567 succensus
1407 3492 1449 3544 est
1463 3491 1491 3544 tn
1515 3495 1613 3558 inrore
1635 3495 1746 3550 menet
1768 3486 1880 3542 ardebit

175 3582 279 3648 Naum,
299 3577 369 3651 quia
394 3578 522 3650 protecto
549 3576 598 3633 alii
622 3582 692 3634 sunt
714 3577 822 3650 quibus
848 3577 1002 3650 prophetia
1055 3599 1139 3654 nsque
1153 3580 1192 3638 nd
1206 3580 1314 3650 inferni
1327 3580 1477 3636 nouissima
1493 3579 1588 3649 (Dent.
1606 3581 1705 3644 xxxii).
1736 3578 1803 3642 Qua
1827 3576 1880 3632 ha·

177 3671 239 3726 hac
255 3687 329 3726 onus
345 3672 390 3724 est
402 3667 615 3738 damantionis,
629 3673 659 3724 et
674 3667 722 3723 alii
738 3669 847 3739 quibua
863 3667 937 3724 liber
956 3671 1003 3724 est
1055 3676 1158 3728 olenus
1174 3669 1251 3726 dicta
1272 3668 1336 3736 init,
1349 3669 1385 3724 de
1399 3666 1447 3724 illo
1459 3666 1750 3739 populoconstatqui
1762 3665 1880 3721 scami-

176 3760 378 3819 consolatoria
394 3759 527 3827 visionis,
543 3775 602 3814 non
620 3758 671 3815 abs
688 3775 718 3814 re
734 3759 810 3832 quod
830 3759 859 3814 in
887 3758 1001 3831 negotio
1055 3777 1118 3817 eum
1132 3760 1183 3816 Dei
1196 3764 1226 3815 et
1240 3757 1379 3831 populum
1396 3757 1601 3813 confitebatur.
1612 3755 1751 3828 Sequitur
1762 3754 1798 3811 de
1810 3754 1881 3821 illis,

175 3852 220 3908 vol
234 3849 329 3907 oiilcio
346 3855 406 3905 tam
423 3848 527 3921 grandi
543 3847 742 3903 Heicbesaeum
754 3848 866 3904 sedicit
880 3848 1000 3904 avinulo
1055 3853 1106 3925 qui
1122 3851 1273 3907 manifeste
1287 3849 1399 3904 inimici
1415 3851 1485 3903 sunt
1511 3847 1555 3902 uel
1579 3846 1678 3903 hostes
1703 3846 1781 3917 ejus,
1807 3860 1882 3918 quos

175 3940 316 3997 llelcheiae
333 3938 492 3995 admodum
513 3953 611 4006 parto,
628 3953 712 3993 suam
739 3937 878 3992 nimirum
905 3938 1002 4009 parvi·
1055 3942 1118 4014 ipse
1132 3957 1190 3997 non
1207 3937 1372 4004 emulatur,
1384 3935 1568 3993 manicas
1579 3937 1656 4008 quod
1667 3940 1769 3992 contra
1781 3935 1880 4007 ipsam

169 4035 265 4101 ,tatem
285 4028 439 4084 humiliter
462 4043 634 4099 agnoscens,
661 4032 693 4082 ut
721 4027 749 4082 in
776 4043 885 4098 magna
908 4027 1002 4098 gratia
1056 4030 1127 4097 sint,
1140 4030 1183 4086 ita
1198 4033 1232 4084 ut
1246 4044 1282 4083 ne
1297 4043 1348 4083 oro
1360 4027 1480 4097 quidem
1492 4026 1590 4099 ipsum
1602 4024 1810 4091 confiteantur,
1822 4025 1880 4082 imo

174 4121 372 4191 perseveraret
387 4116 493 4172 mentis
510 4116 673 4185 humilitas,
689 4116 758 4188 quia
773 4116 904 4172 Dominus
931 4119 1003 4176 Deus
1056 4124 1195 4176 etaomen
1207 4117 1301 4189 ipsius
1314 4115 1342 4172 in
1354 4115 1880 4188 consessoribusejusperseqaantur.

174 4209 274 4274 noster,
289 4204 339 4278 qni
354 4206 384 4260 in
400 4205 464 4259 citis
479 4204 597 4272 entitur,
614 4206 672 4276 ipse
687 4203 811 4261 humilio
836 4209 946 4278 respicit
971 4207 1002 4264 in
1055 4206 1205 4265 Ulciscens
1220 4205 1364 4261 Dominus
1380 4204 1409 4260 in
1431 4204 1529 4260 hostes
1546 4221 1617 4260 suos
1632 4210 1662 4259 et
1675 4204 1807 4259 irascens
1817 4205 1881 4276 ipse

176 4294 245 4352 ceto
259 4300 286 4351 et
301 4296 330 4350 in
357 4297 432 4349 terro
456 4291 545 4360 (Ptol.
563 4293 642 4363 extr).
673 4293 777 4348 Oneris
800 4295 916 4365 pondus
943 4296 1002 4353 siue
1056 4296 1184 4353 inimicis
1199 4295 1273 4351 suis.
1289 4294 1348 4350 Hoc
1364 4310 1469 4366 nempe
1483 4294 1536 4350 iste
1551 4292 1715 4349 versiculus
1730 4309 1747 4348 a
1770 4308 1881 4364 prace-

175 4383 386 4458 pressurajam
398 4397 432 4437 ex
444 4380 526 4436 initio
539 4380 605 4435 libri
616 4381 715 4437 sentiri
729 4389 824 4454 potest
834 4400 902 4441 cum
916 4385 1002 4443 dicit:
1056 4387 1143 4442 dente
1158 4384 1264 4453 differt,
1282 4383 1360 4455 qnod
1376 4384 1406 4438 in
1422 4382 1470 4437 illo
1486 4387 1514 4439 at
1528 4383 1678 4440 aemulator
1700 4387 1727 4437 ct
1750 4382 1883 4439 ulciscens

176 4477 247 4530 Dens
259 4473 419 4536 emulator,
435 4479 461 4525 et
476 4470 610 4525 ulciscens
623 4470 765 4539 Dominus,
782 4476 807 4528 et
827 4472 929 4530 iniens
953 4477 999 4545 in·
1016 4472 1039 4537 D
1054 4477 1186 4532 Dominus
1200 4472 1319 4539 dicitur,
1334 4477 1362 4528 et
1377 4473 1407 4527 in
1423 4472 1535 4543 eosqui
1551 4489 1586 4528 ex
1607 4472 1657 4528 illo
1684 4472 1792 4545 populo
1817 4476 1881 4546 ejus

175 4578 275 4619 rorem.
301 4563 437 4619 Ulciscens
461 4558 594 4614 llonrinnt
616 4559 647 4614 in
672 4560 850 4619 aduersarios
872 4578 945 4628 saec,
973 4570 1001 4618 et
1057 4564 1170 4637 reprobi
1186 4564 1306 4620 luerunt
1319 4563 1363 4618 vel
1380 4570 1458 4630 sunt,
1474 4566 1503 4618 et
1514 4562 1659 4618 ulciscens
1670 4577 1745 4630 esse,
1760 4569 1789 4618 et
1802 4564 1882 4618 iuro·

176 4655 299 4709 irascens
314 4652 371 4721 ipse
386 4648 510 4705 inimicis
524 4650 591 4705 suia.
608 4650 688 4713 Quod
708 4651 783 4707 Dens
793 4651 1000 4722 emulatorsit‚
1057 4670 1118 4709 rem
1134 4653 1242 4709 habere
1257 4651 1409 4717 asseritur,
1426 4666 1514 4722 quem
1529 4650 1688 4706 Psalmista
1700 4666 1880 4722 pavescens:

177 4741 390 4815 quodquesine
401 4738 548 4794 emulatio
558 4739 1003 4808 sanctisimitaodasit,noverat
1058 4744 1178 4810 Domine,
1190 4742 1299 4813 inquit,
1310 4756 1345 4796 ne
1354 4740 1385 4796 in
1396 4743 1494 4813 terere
1503 4743 1659 4811 tuocrpuns
1669 4755 1711 4795 me
1720 4741 1810 4809 (Prot.
1822 4743 1880 4811 vr);

175 4830 226 4888 ille
241 4830 291 4902 qui
306 4828 400 4885 dicit:
424 4827 546 4883 AErnnlor
568 4830 643 4884 enim
668 4845 714 4886 cor
735 4830 787 4884 liei
810 4827 1000 4899 minutatione,
1057 4828 1883 4890 iniatoautemdeaemulationesiveamuletorisnomine

176 4921 309 4994 despondi
323 4919 397 4975 enirn
412 4933 456 4973 uos
471 4916 522 4973 uni
538 4919 595 4974 niro
610 4918 749 4989 cirpinem
769 4921 874 4973 coctum
893 4920 1004 4975 exibere
1057 4923 1177 4979 omnino
1192 4924 1316 4986 tacetur,
1334 4927 1503 4991 tantumque
1530 4920 1674 4986 deterens,
1701 4927 1728 4975 et
1756 4923 1884 4978 irascens

179 5010 288 5066 Christo
299 5009 335 5080 (ll
349 5007 410 5063 Cor.
427 5006 479 5080 ar).
496 5007 567 5063 Cum
584 5006 677 5062 multa
702 5005 761 5061 sint
787 5005 817 5061 in
843 5007 1003 5079 scripturis
1057 5012 1164 5068 dicitur
1179 5011 1319 5072 Dominus,
1338 5013 1368 5065 et
1381 5007 1410 5063 in
1427 5024 1501 5079 quos
1518 5007 1669 5064 ulciscitur
1690 5009 1799 5080 quibus
1825 5011 1883 5066 ira·

178 5096 311 5170 exemplu
326 5097 385 5154 sive
400 5096 576 5153 documenta
601 5094 797 5151 aemulrlirssir
824 5095 882 5162 Uri,
909 5099 1004 5170 magis
1059 5104 1160 5172 scitur,
1176 5101 1276 5158 hostes
1290 5105 1319 5157 et
1332 5100 1447 5156 inimici
1463 5101 1616 5156 manifeste
1641 5102 1883 5172 pronuntiantur,

179 5188 233 5244 hoo
248 5187 419 5244 testimonio
436 5186 524 5241 libuit
544 5184 598 5251 uti,
615 5183 683 5255 quia
699 5184 795 5255 magis
809 5186 845 5241 ad
871 5191 1003 5243 nostram
1058 5191 1155 5264 qualis
1169 5197 1232 5247 erat
1246 5190 1365 5257 Pharao,
1382 5188 1477 5262 qualis
1494 5189 1547 5244 icit
1558 5189 1687 5258 lezabel,
1712 5190 1810 5262 qualis
1835 5210 1883 5248 ea·

64 5340 67 5345 ,
177 5277 371 5334 intentionem
387 5276 507 5340 accedit,
524 5273 595 5327 dnm
611 5271 899 5346 intendimusquoad
912 5275 1005 5348 possi·
1058 5281 1132 5335 stitit
1147 5279 1425 5348 Nabuchodonosor,
1451 5278 1568 5348 quando
1593 5278 1685 5334 dixit:
1701 5281 1734 5334 nt
1758 5285 1822 5352 pitis
1844 5287 1885 5338 ert

176 5368 235 5424 bile
249 5372 294 5424 est
308 5368 508 5423 demonstrare
523 5361 551 5417 in
568 5378 627 5434 quo
640 5361 683 5417 vel
695 5364 771 5419 circa
782 5367 850 5437 quid
862 5371 890 5422 et
903 5374 1005 5423 contra
1059 5373 1139 5438 Dens,
1154 5373 1203 5442 qni
1212 5371 1315 5441 cripiet
1328 5384 1374 5425 vos
1389 5369 1426 5424 de
1437 5384 1521 5423 mann
1536 5385 1597 5423 rnen
1612 5376 1697 5440 (Dan.
1712 5375 1763 5443 ur),
1780 5375 1886 5446 quales

180 5476 267 5532 quem
275 5452 678 5513 emulatiotleisitveliuerit.
690 5454 1006 5532 Intelligimusiquipps
1059 5466 1129 5515 sunt
1144 5458 1187 5515 rel
1200 5460 1319 5515 suerunt
1333 5472 1436 5514 omnes
1450 5456 1501 5527 qui
1528 5459 1716 5516 tetenderunt
1740 5464 1886 5522 adversus

182 5546 431 5606 circaitcciesiam
454 5541 671 5601 emulationem
698 5544 747 5602 Dei
776 5562 890 5619 semper
914 5549 1006 5605 iuisss
1062 5551 1150 5606 ileum
1161 5563 1383 5620 manumsuam,
1394 5550 1423 5602 et
1435 5554 1534 5602 contra
1544 5548 1790 5621 omnipotentiam
1802 5554 1887 5614 robo·

182 5639 227 5696 vel
242 5653 317 5707 esse,
332 5640 361 5692 et
375 5633 499 5691 maxime
513 5648 548 5690 ex
563 5649 620 5708 quo
636 5634 765 5694 tecleda
783 5637 872 5695 verbo
882 5638 1005 5711 promis·
1060 5639 1117 5696 rati
1127 5641 1210 5708 sunt,
1220 5637 1272 5710 qui
1282 5636 1888 5703 cocorrerontadrorsusoumerectoeollo
