3826 6014
93 252 155 316 989
756 244 964 309 uouuurt't.
988 246 1033 307 IN
1055 246 1137 308 JOB.
1740 250 1800 310 990

130 384 213 439 linas.
231 382 353 436 10.-ιι
370 381 424 445 Qui
436 381 485 436 dat
501 380 636 452 pluviam,
666 381 694 435 id
722 384 765 435 cst
792 395 920 450 supernae
935 379 1119 450 Asignntum
1136 386 1182 436 est
1196 380 1226 436 in
1241 398 1284 445 eo,
1297 383 1371 453 quod
1384 381 1452 439 Loth
1464 382 1679 455 protegentibus
1692 382 1802 449 angelis
1882 448 1885 455 ¹

97 473 312 545 predicationis
327 471 457 541 gratiam,
473 490 487 519 ιι
500 485 585 541 super
596 469 696 526 inciam
710 474 800 534 terre,
814 490 829 519 v
841 469 869 524 id
883 472 927 525 ast
975 469 1129 526 Sodomita
1144 470 1272 527 cecitate
1287 471 1416 541 percussi
1432 478 1510 538 sunt,
1525 478 1553 527 et
1569 472 1675 528 ostium
1701 473 1805 528 domus

97 566 129 623 in
146 564 282 621 cordibus
299 562 489 628 bantinum«
506 570 532 618 ct
545 563 642 632 irrigat
666 564 758 633 aquis,
785 584 799 611 ιι
826 562 854 617 id
883 568 926 617 est
975 559 1038 629 ejus
1065 559 1193 616 invcnire
1225 576 1283 616 non
1307 566 1437 632 poteraut
1464 559 1541 632 (Gerr.
1575 561 1643 633 xrs),
1674 561 1806 618 videlieet

98 655 185 711 donis
200 653 322 724 Spiritus
337 652 683 718 saneti,auniversa,»ivl
699 659 741 707 est
757 667 815 707 nnn
831 649 924 706 solum
976 650 1091 719 quando
1121 647 1168 703 lux
1204 648 1345 706 bonorum
1384 650 1458 706 lucet
1495 666 1591 706 coram
1634 649 1803 706 horninibus

98 747 237 815 lodessa,
254 747 301 801 sed
318 743 925 815 omnemabsqneparsonarumacceptione
977 737 1087 809 (ldnttlt.
1105 737 1141 808 ι),
1168 738 1235 793 mali
1261 738 1316 795 telo
1337 746 1481 795 careantur
1500 739 1626 806 insidiae,
1656 753 1710 795 nec
1736 754 1802 810 pos·

102 839 262 894 bominem.
978 836 1047 882 sunt
1061 826 1167 883 bonnm
1183 829 1215 884 in
1229 828 1366 899 proximis
1378 844 1542 899 agnoscere,
1561 844 1613 885 nco
1630 843 1726 885 rursus
1745 828 1801 884 oir-

137 930 222 982 Vras.
239 926 282 980 ll.
296 956 329 966 -
341 947 355 974 «
371 925 426 992 Qui
443 927 522 994 ponit
534 924 667 992 humiles,
685 946 698 975 a
712 924 792 979 idest
805 922 926 979 liumili·
977 922 1148 973 cumeuntes
1159 918 1449 973 criminandinditum
1461 917 1803 988 queuntinssnire.«sic,

101 1022 144 1070 ter
159 1016 266 1070 eisdem
281 1014 364 1069 donis
375 1022 495 1079 utentes,
513 1036 527 1063 ι
540 1014 570 1070 in
584 1012 712 1079 sublimi,
728 1035 743 1063 ι»
757 1012 887 1071 videlicet
898 1019 928 1066 ut
978 1006 1108 1077 iuquam,
1127 1006 1295 1079 palpabunt.
1310 1006 1398 1061 Porro
1415 1005 1523 1062 salsum
1536 1006 1629 1075 iaciat,
1648 1026 1660 1057 r
1678 1005 1801 1062 subaudi

99 1119 167 1161 cum
183 1103 294 1159 Chirsto
306 1103 417 1173 jndices
432 1106 500 1170 sint,
517 1125 530 1154 ιι
547 1111 573 1159 ot
598 1109 758 1170 morientes,
791 1124 805 1151 »
831 1102 859 1157 id
884 1107 926 1156 est
982 1097 1064 1164 Dens,
1082 1117 1095 1148 ι
1112 1097 1147 1152 de
1161 1097 1255 1168 gladio
1270 1097 1328 1152 oris
1343 1111 1452 1166 eornm,
1470 1119 1483 1146 ιι
1499 1097 1528 1152 id
1543 1104 1585 1153 est
1600 1098 1635 1153 de
1650 1096 1800 1153 detractio·

103 1209 155 1264 pro
182 1193 243 1263 ipso
265 1208 398 1263 prospera
420 1193 559 1262 lugientes
583 1198 613 1247 et
635 1193 752 1248 adversa
775 1189 926 1262 patientes,
980 1201 1028 1257 na,
1043 1185 1088 1242 vel
1102 1186 1287 1258 persuasione
1298 1186 1402 1256 linguae
1414 1202 1522 1255 eorum,
1537 1209 1550 1238 ιι
1562 1194 1587 1242 et
1599 1186 1634 1242 da
1644 1203 1731 1242 manu
1743 1186 1804 1242 vio·

100 1304 116 1333 ι
140 1282 223 1351 erigit
238 1282 383 1351 sospitate,
401 1302 415 1328 a
432 1281 459 1335 id
485 1289 526 1336 est
549 1280 655 1337 hilares
680 1280 746 1336 lacit
769 1281 805 1335 de
828 1277 928 1335 salutis
981 1275 1060 1344 lenti,
1078 1297 1092 1324 »ι
1109 1275 1137 1330 id
1153 1284 1195 1331 est
1211 1275 1245 1331 do
1259 1275 1428 1332 adversitate
1442 1275 1523 1331 clatra
1538 1274 1694 1346 potcstatis,
1708 1297 1722 1326 ιι
1735 1290 1803 1345 psu-

100 1379 216 1426 aterne
231 1369 410 1426 certitudine.
981 1381 1117 1437 perem,r
1138 1365 1283 1433 videlicet,
1305 1363 1402 1436 quales
1425 1363 1566 1421 beatificat
1589 1364 1737 1431 Dominus,
1762 1363 1803 1417 di·

140 1460 224 1516 Vsns.
241 1460 285 1516 12.
302 1489 336 1500 -
352 1480 367 1509 ιι
382 1459 436 1525 Qui
452 1458 570 1528 dissipat
585 1455 928 1529 cogitationesmaligno·
980 1454 1073 1511 cando
1091 1470 1098 1510 :
1116 1475 1130 1504 ιι
1144 1454 1222 1509 Beati
1238 1469 1379 1525 pauperes
1404 1454 1504 1524 spiritu
1533 1453 1642 1525 (diutili.
1666 1456 1705 1521 v).
1732 1474 1746 1502 »ι
1769 1481 1804 1491 -

103 1566 179 1617 rum,
198 1571 211 1599 u
228 1549 336 1606 scilicet
362 1556 462 1605 contra
478 1549 578 1618 ,bonos
607 1548 827 1618 insurgentium,
855 1569 865 1596 ι
892 1561 929 1601 ne
981 1563 995 1592 ιι
1012 1540 1142 1607 salvum,
1158 1541 1286 1613 inquam,
1303 1541 1386 1598 iaciet
1401 1557 1569 1613 pauperem,
1585 1563 1600 1592 ι»
1617 1541 1644 1597 id
1661 1538 1799 1598 estbumi·

102 1640 214 1711 possint
239 1639 361 1709 implere
390 1654 493 1694 manns
516 1652 614 1693 corum
639 1637 713 1707 quod
737 1639 895 1707 coeperant,
913 1656 927 1683 o
982 1628 1049 1685 lem.
1067 1629 1147 1693 Quod
1164 1628 1218 1686 boc
1234 1629 1320 1686 modo
1334 1629 1402 1686 fiet:
1420 1630 1495 1700 qaod
1511 1653 1524 1679 ιι
1542 1629 1594 1686 erit
1605 1645 1694 1701 egeno
1707 1643 1803 1701 spesp»

99 1729 129 1785 id
146 1737 188 1785 est
206 1744 241 1785 ne
256 1736 396 1799 qnantum
413 1726 511 1783 solunt
525 1741 628 1782 nocere
643 1720 827 1796 praevaleant.
943 1747 966 1813 B
981 1719 1017 1774 ad
1032 1719 1116 1789 cujus
1131 1719 1192 1789 spei
1206 1734 1272 1775 cum
1289 1718 1597 1790 perveneritirnotnm,
1610 1717 1656 1774 fiet
1667 1718 1740 1788 quod
1758 1716 1805 1772 bic

136 1816 224 1872 Vsas.
240 1817 283 1872 li.
301 1848 327 1858 -
341 1838 354 1865 ι
367 1816 420 1881 Qui
432 1813 714 1886 comprobendil[od.
727 1812 925 1886 apprehendit]
982 1807 1114 1863 subditur
1130 1824 1137 1864 :
1158 1827 1168 1857 ι
1185 1809 1323 1880 iniquitis
1337 1815 1433 1864 autom
1444 1807 1597 1864 contrairet
1610 1823 1641 1864 os
1651 1821 1765 1873 suum»
1776 1806 1804 1861 ld

99 1906 248 1977 sapientes
264 1906 293 1961 in
306 1907 409 1962 astutia
422 1920 555 1969 aarum»
569 1902 863 1959 vertendosctlicetin
874 1901 926 1957 bo·
982 1903 1024 1954 est
1039 1899 1133 1953 omnis
1148 1897 1238 1953 clatus
1254 1899 1301 1968 qni
1316 1913 1395 1954 nunc
1411 1899 1527 1969 derogat
1544 1897 1730 1954 obmutescet.
1745 1894 1806 1953 Nec

101 2012 173 2053 num
185 1995 238 2051 lsoc
250 1997 328 2066 qnod
345 1995 398 2065 lpsi
415 1993 552 2050 malevole
567 2000 664 2063 agunt,
688 1993 762 2048 sicut
783 1992 926 2048 venditio·

103 2102 170 2143 nem
195 2085 300 2156 Josepb
332 2083 407 2150 tGerr.
437 2086 509 2154 ιιι),
539 2084 614 2138 sieut
640 2083 828 2137 intentionem
850 2080 926 2149 Saul,

100 2175 219 2248 qnando
236 2174 334 2244 petivit
346 2193 362 2230 a
375 2173 462 2230 David
479 2180 596 2229 centom
613 2171 751 2244 praeputia
764 2170 928 2226 Philistino·

99 2280 165 2320 ram
181 2265 202 2333 (l
219 2266 281 2334 llep.
299 2269 389 2335 xviri).
403 2286 416 2312 ιι
429 2266 461 2317 Et
472 2262 593 2319 consilia
604 2277 755 2332 pravorum
773 2259 926 2331 dissipat»

100 2352 234 2410 videlicet
251 2367 279 2407 ut
295 2369 352 2409 uon
364 2354 522 2408 secundum
532 2367 630 2408 eorum
641 2351 831 2406 intentionem
843 2348 926 2420 quid-

101 2443 171 2499 libet
187 2443 344 2513 proveniat,
362 2442 438 2496 sicut
453 2440 529 2496 verbi
544 2441 645 2509 gratia,
671 2439 823 2496 consilinm
851 2438 925 2510 quod

103 2533 143 2588 da
172 2530 329 2588 occidendo
353 2530 475 2586 Domino
496 2526 576 2585 dedit'
602 2529 723 2600 Gaipbas
759 2529 852 2599 (lours.
868 2528 923 2598 ιιι).

105 2620 189 2679 Nunc
217 2620 283 2691 quia
312 2626 523 2692 persecutorum
551 2618 719 2675 maneriam
757 2617 834 2685 iecit,
868 2617 926 2675 boae

101 2711 139 2767 de
156 2726 254 2767 eorum
270 2711 398 2767 caecitate
409 2711 487 2781 justo
502 2708 552 2765 Dei
575 2709 683 2779 jndicio
707 2706 786 2763 illata
806 2707 925 2779 subjun-

97 2802 165 2873 git:

137 2890 217 2948 Vana.
235 2893 279 2948 li.
297 2921 331 2931 -
349 2914 360 2939 ι
379 2894 432 2946 Per
447 2890 524 2945 dicm
540 2888 688 2944 incurrent
704 2887 846 2956 tenebras,
866 2886 924 2942 »id

981 1986 1089 2044 idcirco
1105 1987 1220 2058 iiliplraz
1244 1994 1344 2042 contra
1367 1989 1480 2044 beatum
1503 1987 1555 2043 iob
1580 1985 1716 2057 loquitur,
1740 1984 1806 2055 qnia

983 2076 1069 2131 talem
1085 2075 1167 2132 illum
1184 2075 1281 2144 luisse,
1296 2081 1326 2132 et
1339 2075 1376 2134 ob
1386 2077 1440 2134 boc
1449 2091 1617 2148 percussum
1631 2075 1806 2146 suspicatur:

982 2166 1060 2222 uode
1075 2173 1101 2221 et
1117 2165 1212 2222 subdit
1228 2182 1236 2222 :

1018 2263 1098 2319 lass.
1117 2264 1161 2319 l'l.
1177 2286 1240 2315 --ιι
1256 2264 1360 2320 Beatus
1374 2264 1459 2320 bomo
1475 2264 1522 2336 qui
1537 2263 1690 2334 corripitur
1709 2278 1725 2317 a
1749 2260 1805 2317 Do·

982 2353 1071 2409 mino.
1090 2374 1104 2404 s
1122 2352 1192 2409 Nam
1209 2369 1265 2409 non
1282 2354 1394 2424 probari
1409 2354 1524 2424 putabat
1546 2353 1641 2419 illum,
1667 2352 1715 2409 sed
1740 2365 1808 2407 cor·
1882 2408 1886 2421 ,

982 2443 1048 2513 ripi.
1066 2443 1097 2498 lit
1114 2449 1143 2498 ut
1162 2443 1196 2497 sd
1224 2443 1432 2499 beatitudinem
1457 2443 1509 2498 tibi
1529 2458 1643 2514 quoque
1666 2440 1808 2513 perticiat,

982 2554 997 2582 ιι
1013 2532 1239 2600 increpationem
1255 2547 1333 2604 crgo,
1345 2533 1449 2605 inquit,
1459 2532 1575 2589 Domini
1588 2549 1624 2588 na
1635 2530 1781 2602 reprobes.
1791 2549 1805 2579 v

982 2622 1053 2680 llam
1071 2636 1103 2677 aa
1126 2636 1188 2693 qus
1214 2637 1302 2692 sopra
1327 2621 1425 2677 beatus
1447 2620 1502 2678 iob
1526 2621 1646 2688 dixerat,
1673 2633 1804 2675 murmu-

981 2711 1070 2767 rando
1084 2710 1166 2766 illum
1183 2710 1288 2766 dixisse
1302 2710 1467 2767 estimabat.
1484 2733 1498 2761 ιι
1518 2709 1558 2766 Ne
1573 2708 1717 2781 reprobas,
1729 2728 1744 2759 s
1758 2707 1804 2762 in·

980 2818 1079 2874 quam.

1015 2895 1102 2949 Vsas.
1119 2893 1162 2947 18.
1178 2912 1239 2944 -ι
1257 2891 1328 2958 Quia
1342 2891 1403 2962 ipsa
1419 2891 1558 2960 vulnerat,
1573 2911 1588 2942 a
1602 2889 1716 2946 scilicet
1737 2906 1801 2947 car·

98 2988 142 3036 est
157 2980 186 3037 in
202 2982 263 3051 ipsa
277 2981 404 3037 veritatis
421 2980 570 3049 pressantis
585 2994 637 3034 sua
652 2977 716 3033 illos
731 2976 848 3034 oaeesbit
858 2992 925 3048 per·
980 2998 1059 3048 nem,
1076 3003 1091 3033 ιι
1106 2989 1132 3037 et
1147 2982 1303 3051 medetur,o
1320 2979 1431 3038 scilieet
1446 2989 1588 3050 mentem
1606 3001 1620 3030 ιι
1636 2981 1769 3052 pereutit,
1786 3003 1801 3032 ιι

98 3069 180 3139 lidia,
197 3092 210 3121 ιι
227 3079 254 3126 et
270 3070 350 3139 quasi
363 3069 394 3125 in
421 3077 514 3136 nocte,
532 3089 546 3117 ι
564 3069 590 3123 id
607 3075 649 3124 est
677 3068 753 3124 sicut
768 3066 800 3123 in
814 3065 925 3136 antiqui
940 3089 962 3157 c
980 3072 1092 3130 scilicet
1107 3080 1133 3128 te
1147 3087 1235 3141 aurae,
1251 3079 1279 3127 et
1294 3071 1323 3126 ia
1337 3072 1442 3137 loturo,
1461 3092 1477 3122 ιι
1508 3085 1610 3126 vannus
1630 3071 1693 3140 ejus
1717 3086 1801 3126 sana·

100 3160 207 3216 erroris
222 3160 356 3228 caligine,
373 3157 415 3214 sia
431 3157 598 3229 palpabunt,
614 3157 724 3212 »idest
748 3156 926 3213 offendentes
981 3160 1064 3228 bunt,
1079 3181 1094 3210 ι
1111 3160 1273 3216 scilicetne
1296 3175 1394 3230 pereas
1417 3159 1448 3216 in
1474 3167 1652 3230 perpetuum.
1676 3158 1735 3216 Hoc
1760 3166 1804 3216 est

101 3247 186 3305 ibunt
203 3272 213 3298 ι
232 3249 262 3304 in
278 3247 407 3311 meridie,
425 3268 438 3296 ι)
454 3247 482 3302 id
499 3255 542 3301 est
556 3254 698 3316 prasente
714 3246 773 3303 sole
799 3246 926 3316 iustitie.
979 3251 1053 3323 quod
1069 3249 1223 3321 sequitur:

104 3339 185 3403 Quod
200 3338 307 3394 iudeis
322 3337 455 3406 congruit
469 3335 632 3392 dicentibus
647 3350 654 3392 ι
671 3357 686 3386 ιι
703 3337 853 3407 Quousque
865 3336 929 3391 ani·
1017 3347 1096 3404 vap„
1115 3347 1197 3413 19‚-
1211 3369 1226 3398 a
1244 3348 1276 3404 ιη
1292 3363 1369 3417 30¹9,
1386 3346 1415 3403 id
1429 3351 1472 3405 est
1485 3347 1515 3404 in
1528 3346 1642 3404 00110155
1653 3368 1667 3397 „
1679 3345 1802 3402 tributa.

103 3441 180 3481 mam
198 3434 327 3483 nostram
343 3424 418 3480 tollis
434 3423 445 3477 i
461 3425 484 3480 si
500 3433 528 3479 tu
554 3439 585 3480 es
612 3423 752 3492 Christus,
776 3425 823 3481 dic
846 3425 929 3482 nobis
979 3436 1115 3505 sionibus,
1132 3458 1146 3487 „
1162 3436 1270 3493 30111001
1287 3436 1397 3505 mimas,
1413 3436 1461 3507 qur
1474 3436 1504 3492 jn
1519 3452 1566 3492 seq
1590 3435 1690 3491 diebus
1708 3436 1801 3506 persp.

101 3515 196 3586 palam
209 3518 304 3587 (loon.
320 3514 359 3584 x).
378 3535 392 3563 ι)

140 3604 218 3660 llens.
238 3607 281 3659 ts.
302 3633 336 3644 -
354 3624 367 3652 a
383 3606 470 3657 Porro
487 3601 597 3658 salsam
615 3602 709 3657 iaciat.
724 3604 791 3659 »Ac
803 3602 926 3659 sidicat:

99 3693 160 3762 Ipsi
176 3694 205 3748 in
220 3693 347 3749 caecitate
363 3708 413 3746 sua
430 3698 648 3762 persequentur,
664 3692 713 3747 sed
731 3691 801 3761 ipsc,
818 3691 928 3749 scilicet

102 3784 187 3847 iteus,
205 3782 317 3837 salsum
334 3780 418 3836 iaciat
434 3781 469 3836 de
483 3781 581 3851 gladio
595 3781 653 3837 oris
678 3796 776 3837 eorum
797 3779 927 3838 claman-

100 3869 925 3942 tiurn,ctdicentinm:acrucifige,crucifigetioarr.xrxl,s

99 3982 154 4010 -ιι
170 3969 195 4015 et
211 3961 246 4014 de
260 3974 346 4014 suana
357 3959 590 4028 siolerrti,»idost
600 3959 778 4031 gentilitatis,
789 3976 852 4031 qum
866 3977 925 4016 ma·

99 4051 188 4109 nibus
200 4049 281 4105 illum
293 4048 447 4118 crocitisit,
460 4070 474 4098 ιι
488 4064 669 4119 pauperem»
682 4050 711 4106 iu
722 4050 926 4120 esthristum,

99 4141 233 4199 videlicet
250 4139 448 4195 resuscitando
463 4153 539 4194 eum.

137 4228 220 4284 Vens.
238 4230 281 4283 16.
298 4250 355 4277 -ι
374 4227 416 4298 ur,
431 4250 441 4276 ι
455 4227 504 4284 illo
517 4228 695 4297 resuscitato,
709 4251 724 4280 ιι
739 4230 923 4301 eritegeno‚·

98 4319 129 4374 id
145 4328 187 4375 est
203 4318 305 4373 bumili
322 4317 453 4373 fidelium
469 4317 585 4388 populo,
601 4340 615 4368 ιι
632 4334 706 4389 spes,
724 4319 775 4374 »td
791 4327 833 4375 est
846 4327 927 4375 ater·

981 3528 1046 3581 ctus
1061 3532 1102 3579 est
1118 3524 1194 3593 (Gen.
1210 3523 1251 3593 ιι),
1267 3531 1359 3579 atses
1375 3522 1505 3578 statibus
1521 3521 1652 3586 solvitur,
1670 3544 1680 3571 ι
1698 3522 1801 3578 libera·

979 3613 1030 3680 vit,
1046 3636 1060 3663 ιι
1076 3611 1196 3678 scilicet,
1212 3629 1228 3667 a
1242 3613 1367 3681 peccatis
1382 3612 1437 3667 tuis
1451 3610 1482 3667 in
1508 3619 1612 3678 inante,
1637 3609 1801 3666 tribulando

980 3700 1120 3770 incarne,
1138 3719 1150 3750 ι
1168 3708 1195 3757 at
1210 3703 1238 3755 in
1254 3700 1386 3770 septima,
1414 3723 1428 3750 a
1454 3699 1565 3758 scilicet
1591 3698 1638 3755 nbi
1663 3698 1802 3769 depositis

978 3789 1148 3862 corporibus
1164 3789 1345 3860 requiescunt
1361 3789 1475 3844 animas.
1487 3786 1800 3860 septimanamquedie

980 3882 1117 3950 requievit
1132 3879 1294 3946 Deusttleu.
1311 3879 1342 3949 ιι)
1360 3894 1367 3933 :
1383 3886 1411 3935 et
1425 3878 1461 3934 ob
1478 3878 1531 3933 boc
1547 3894 1596 3947 par
1610 3877 1663 3934 boe
1679 3876 1801 3948 septima

979 3970 1080 4024 mnndi
1091 3977 1166 4038 etas,
1179 3984 1234 4039 qus
1246 3984 1323 4024 nune
1333 3969 1437 4024 animae
1447 3969 1640 4037 requiescunt,
1652 3966 1799 4035 signitica-

978 4062 1035 4114 lur.
1046 4080 1060 4109 ιι
1072 4058 1104 4113 ln
1114 4059 1248 4129 septima,
1260 4079 1274 4108 a
1288 4059 1417 4129 inquam,
1428 4055 1623 4123 tribulatione,
1634 4078 1649 4107 ιι
1661 4072 1720 4112 non
1734 4063 1798 4111 tan·

978 4152 1067 4218 gatte
1084 4146 1201 4215 malum,
1225 4168 1240 4196 »ι
1265 4146 1398 4215 subaudi,
1422 4147 1497 4218 quod
1524 4148 1612 4217 tangit
1636 4161 1713 4202 nano
1733 4153 1801 4200 anta
1903 4186 1906 4191 .

980 4236 1216 4292 resurrectionem
1232 4234 1344 4291 animas
1360 4235 1555 4306 reproborum.
1582 4234 1615 4290 lit
1639 4234 1682 4290 his
1706 4232 1800 4289 modis

978 4324 1114 4382 omnibns
1128 4323 1261 4381 liberabit
1277 4331 1314 4392 te,
1325 4323 1460 4392 subaudi,
1472 4321 1800 4393 siincrepationemcjus
1889 4342 1903 4376 .-

100 4425 145 4466 nae
160 4409 221 4463 vitra
236 4409 281 4464 vel
308 4408 528 4465 resurrectionis
555 4408 671 4465 fiducia.
696 4410 729 4464 Et
754 4410 831 4481 quia,
856 4424 923 4466 cnm
939 4431 963 4495 D
980 4429 1038 4471 non
1054 4414 1198 4485 reprobes.

100 4498 209 4553 venerit
225 4505 253 4552 ut
265 4497 385 4567 judicet,
401 4498 448 4567 qui
463 4497 608 4567 judicatus
619 4499 672 4564 esi,
684 4496 813 4553 inlideles
824 4497 924 4553 obmu-

99 4594 220 4650 tescent,
239 4586 310 4642 bene
325 4585 455 4641 subditur
472 4602 479 4639 :
496 4608 510 4635 ιι
529 4587 669 4656 iniquitas
693 4593 790 4641 antem
813 4591 926 4643 contra·

101 4679 160 4742 bet,
176 4695 189 4728 s
204 4677 232 4732 id
243 4684 285 4732 est
295 4675 467 4743 continebit,
481 4698 494 4725 ιι
508 4691 541 4731 os
552 4690 673 4739 suum,s
691 4673 733 4730 vel
745 4675 871 4745 claudet,
883 4675 926 4730 vi·

99 4768 204 4824 delicet
216 4765 354 4821 hactenus
365 4765 395 4820 in
407 4763 583 4821 contumelia
596 4762 926 4826 Conditorisdilatatum.

101 4857 274 4913 Moaaurrsa.
292 4853 374 4910 Nunc
389 4853 534 4909 moraliter
551 4854 712 4923 indaganda
727 4855 928 4925 surrtqualiter

98 4963 116 5002 s
131 4946 224 5017 pravis
238 4943 409 5013 generaliter
426 4943 591 5007 tinnabula
607 4944 641 4999 de
658 4943 798 4998 bonorum
814 4943 928 5000 actibus

98 5035 217 5107 reprobi
234 5036 263 5089 in
289 5042 406 5089 extenso
431 5032 529 5088 livoris
556 5033 601 5088 sui
623 5031 722 5089 aculeo
746 5038 927 5104 torquentur,

98 5136 176 5182 reete
186 5125 292 5180 dicitur
308 5138 314 5177 :
328 5143 343 5172 ι
354 5123 405 5178 Per
422 5121 497 5177 diem
511 5121 809 5193 incurrenttenebrss,
820 5143 836 5174 s
848 5123 929 5180 idest

98 5216 131 5270 in
147 5214 210 5269 luce
224 5214 364 5269 bonorum
380 5226 500 5282 operum
516 5209 621 5266 clausis
646 5211 740 5267 cordis
764 5211 856 5268 aculis
877 5211 929 5266 ali·

100 5305 169 5376 quid
184 5306 257 5375 quod
272 5305 303 5359 ia
318 5304 416 5359 electis
429 5316 566 5356 accusare
582 5300 702 5372 possint,
719 5301 801 5373 quasi
810 5300 930 5373 palpan-

1019 4504 1103 4560 Vxns.
1115 4504 1160 4560 20.
1176 4533 1211 4545 -
1227 4527 1240 4555 ιι
1259 4505 1289 4562 ln
1303 4505 1388 4571 lama,
1406 4525 1420 4555 s
1435 4502 1544 4560 scilicet
1558 4503 1645 4571 serbi,
1653 4525 1667 4554 ιι
1684 4510 1762 4559 eruet
1773 4509 1800 4559 te
1898 4550 1901 4555 .

980 4600 1016 4655 de
1029 4601 1129 4663 morte,
1147 4616 1157 4643 ι
1175 4593 1255 4650 idest
1272 4617 1282 4643 ι
1301 4609 1374 4664 pane
1387 4592 1450 4648 vite
1465 4600 1494 4648 et
1509 4591 1674 4649 intellectus
1690 4592 1798 4648 cibabit
1892 4657 1896 4665 ¹

982 4697 1009 4746 te
1024 4686 1124 4757 (ticeli.
1139 4685 1202 4756 xv);
1217 4705 1232 4733 a
1247 4705 1298 4736 -ι
1314 4691 1341 4739 at
1355 4683 1386 4740 in
1403 4682 1487 4750 bello,
1504 4683 1561 4739 »id
1586 4690 1629 4740 est
1652 4683 1682 4738 in
1708 4686 1804 4738 tanta·

981 4780 1071 4843 tione,
1086 4796 1100 4825 ιι
1117 4773 1152 4829 da
1165 4787 1251 4828 manu
1266 4771 1367 4844 gladii,
1381 4793 1396 4821 o
1411 4772 1439 4827 id
1454 4779 1497 4828 est
1513 4771 1548 4826 ab
1567 4786 1653 4842 opere
1675 4769 1799 4842 peccati,

980 4863 1113 4930 subaudi,
1130 4884 1144 4912 ιι
1162 4864 1242 4918 ornet
1253 4868 1290 4917 te.
1306 4881 1321 4910 ι»

1017 4957 1102 5010 Vsus.
1118 4952 1164 5006 21.
1180 4981 1215 4992 -
1226 4971 1240 5000 ιι
1252 4955 1275 5004 Α
1286 4949 1397 5020 flagello
1407 4949 1523 5022 lingue,
1537 4951 1586 5006 »id
1597 4955 1642 5007 est
1652 4949 1687 5007 ab
1698 4966 1800 5021 expro-

982 5041 1112 5099 bratione
1124 5038 1208 5095 illata
1219 5038 1413 5108 contumelias,
1425 5062 1435 5089 ι
1450 5039 1634 5097 absconderis
1646 5062 1660 5090 o
1672 5040 1803 5097 videlicet

983 5140 1013 5187 ut
1028 5146 1085 5187 noo
1101 5144 1230 5200 quarens
1241 5127 1348 5195 laudes,
1364 5128 1450 5184 etiam
1465 5144 1523 5185 non
1534 5129 1642 5185 sentias
1654 5136 1803 5186 contuma-

984 5221 1036 5277 lias
1055 5216 1252 5275 detractionis.
1271 5240 1285 5269 ιι
1303 5217 1336 5272 m
1350 5232 1408 5274 non
1425 5216 1539 5274 timebis
1564 5218 1771 5284 calamitatem,
1787 5237 1802 5267 u

983 5307 1103 5367 subaudi
1119 5306 1301 5364 multiformis
1315 5307 1479 5371 adversarii,
1495 5328 1507 5360 ι
1524 5307 1725 5374 cumvenerit,
1741 5326 1756 5357 s
1772 5305 1802 5360 id

100 5402 144 5452 tas
159 5402 295 5465 quaerent.
312 5395 391 5451 Unde
402 5399 430 5448 ct
440 5393 575 5448 subditur
591 5407 598 5448 :
616 5391 673 5446 «ut
684 5393 766 5463 quasi
778 5391 930 5462 indocte.»
982 5406 1025 5455 ast
1040 5413 1107 5453 anm
1123 5402 1149 5453 ts
1163 5395 1382 5468 impugnaverit,
1397 5396 1530 5455 videlieet
1545 5398 1611 5470 quis
1634 5403 1751 5468 paratus
1775 5400 1803 5452 et

99 5485 131 5546 id
148 5485 235 5540 estin
251 5483 401 5540 tenebroso
416 5482 514 5548 livore,
531 5504 544 5531 ιι
563 5481 605 5537 sic
621 5480 779 5552 palpabunt
795 5482 826 5537 in
842 5482 930 5539 meri-

99 5576 159 5642 die,
177 5598 188 5627 s
207 5573 234 5628 id
252 5582 292 5630 est
306 5572 336 5628 in
358 5573 445 5643 plens
465 5571 534 5629 boni
549 5572 646 5645 operis
668 5570 742 5629 lace.
768 5572 837 5637 anl
854 5571 928 5635 bena

983 5485 1146 5544 munimine
1160 5485 1221 5556 ejus
1235 5493 1331 5558 septus
1342 5486 1409 5544 sris.

1019 5574 1105 5633 Vsas.
1120 5574 1165 5632 22.
1182 5598 1242 5627 -ιι
1258 5576 1292 5632 iu
1303 5576 1443 5648 vastitate,
1454 5596 1469 5627 »
1483 5575 1799 5651 scilicatreproboruur,
