3826 6014
165 259 225 320 459
716 244 893 306 narrari
914 239 1083 304 euuerrs
1105 240 1313 304 sutrensis
1741 201 1744 205 ’
1810 246 1873 310 aaa

162 399 311 466 precepta,
340 395 367 444 et
386 383 576 450 caeremonias,
600 385 682 454 atque
705 376 822 447 iudicia,
848 391 910 448 que
939 391 986 448 eqo
1000 379 1027 445 Α
1042 391 1099 432 uus
1114 375 1208 432 eidem
1223 375 1324 442 David,
1341 391 1432 447 super
1451 375 1580 433 tunicam
1605 375 1727 450 pellium
1751 395 1872 453 quoque

163 479 265 537 manco
278 478 333 533 tibi
345 475 427 531 bodie
441 481 472 528 ut
487 473 585 544 lacius.
602 469 633 526 Si
646 466 838 526 custodieritis
849 472 876 523 et
889 467 990 538 leceri-
1042 462 1156 520 addidit
1170 464 1205 535 (tl
1221 465 1284 536 ltep.
1300 466 1336 536 v).
1353 466 1388 521 Et
1402 480 1530 537 congrue
1552 467 1629 523 sicut
1656 483 1708 540 per
1731 469 1871 528 lsraelem

163 569 199 625 tis
213 585 256 634 ea,
270 565 407 623 custodiet
424 561 558 620 Dominus
573 562 643 616 Deus
659 559 714 614 tibi
736 562 848 631 pactum
858 563 883 612 ct
902 556 988 611 mne-
1048 551 1181 622 pultium,
1193 553 1235 608 sic
1246 551 1473 625 otpertunicam
1484 554 1869 630 domusludeiutetligitur,

162 656 313 714 ricordiam
327 670 411 727 quam
421 652 530 725 juravit
544 648 670 721 patribus
682 649 835 720 tuileeut.
862 649 911 715 vr).
936 646 988 712 En,
1041 642 1112 713 quie
1142 641 1275 698 videlieet
1289 642 1365 700 sicul
1382 643 1483 699 tunice
1499 644 1620 716 propius
1645 645 1732 703 barat
1756 650 1871 720 corpori

123 762 128 769 ·
162 744 270 816 inquit,
284 756 405 816 propono
420 743 450 796 in
470 745 614 812 conspectu
627 737 807 795 cestrotodie
818 738 988 794 benedictio·
1041 745 1130 801 quom
1146 730 1279 802 pallium,
1296 732 1340 788 sic
1355 731 1447 789 tribus
1460 731 1537 789 luda
1561 734 1753 806 propinquior
1777 753 1868 810 quem

160 849 234 903 nem,
249 835 276 889 cl
296 828 516 887 nulediclioncm
533 846 542 881 r
559 827 782 895 benedictionem,
796 826 822 882 si
830 825 990 884 obedieritis
1040 824 1149 876 estere
1160 818 1256 877 tribus
1267 821 1322 876 iuit
1334 821 1390 893 ipsi
1402 821 1492 877 David
1510 839 1517 879 :
1532 839 1598 878 nam
1610 824 1673 895 ipse
1684 824 1777 881 exilis
1787 826 1867 884 tribu

161 923 301 978 mandatis
314 919 425 977 Domini
440 918 490 973 Dei
507 918 609 983 oestri;
635 915 867 983 maledictionem,
886 915 911 972 si
931 931 988 971 non
1039 906 1162 964 exstitit.
1176 908 1277 981 Igitur,
1293 909 1428 982 opopute
1439 926 1534 977 meus,
1551 912 1575 967 si
1587 913 1867 984 queritisourdire·

157 1012 305 1068 audieritis
333 1008 463 1065 mandata
482 1007 594 1062 Domini
620 1004 668 1060 Dei
691 1007 776 1060 uestri
804 1004 901 1077 (Dect.
935 1004 986 1074 ιιι).
1040 995 1106 1061 tim,
1121 1001 1148 1052 ct
1161 1001 1317 1055 econtrario
1326 998 1445 1071 populus
1461 1016 1539 1056 rasus
1552 1002 1582 1056 in
1593 999 1785 1060 aduersarium
1797 1022 1868 1062 con·

159 1104 231 1158 3000
246 1105 343 1157 putem
357 1096 578 1171 populumque
592 1094 731 1150 mandata
741 1110 806 1150 mea
817 1111 874 1150 nou
888 1101 987 1150 custo.
1037 1086 1174 1151 Surrexit,
1192 1101 1257 1144 ecce
1273 1088 1338 1145 dido
1351 1088 1446 1155 vobis,
1463 1089 1534 1160 quie
1547 1088 1662 1162 desuper
1672 1091 1796 1149 tunicam
1807 1097 1867 1166 pal·

157 1191 242 1256 divit,
258 1190 308 1246 sed
324 1188 354 1244 in
378 1185 560 1243 contrarium
586 1183 779 1240 consurrexit.
806 1183 889 1240 Nunc
915 1200 984 1257 ergo
1040 1170 1111 1228 lium
1125 1176 1291 1243 sustulistis,
1308 1177 1336 1232 id
1360 1182 1406 1233 est
1429 1179 1623 1250 vosmetipsos
1647 1181 1752 1238 semini
1774 1185 1865 1241 David

157 1281 272 1352 exigere
288 1280 383 1350 potest
398 1278 450 1331 aut
464 1273 596 1338 debet,ut
611 1288 678 1328 curn
690 1273 821 1329 eoverbe
834 1288 899 1328 mea
910 1273 986 1328 bona
1039 1263 1204 1331 1111111111ῑί1,
1220 1266 1343 1337 vosipsc
1355 1267 1456 1323 decern
1466 1267 1561 1324 tribus
1572 1268 1607 1324 ab
1620 1269 1867 1341 ipsorecessietis,

157 1369 228 1434 sint,
243 1371 276 1422 ut
289 1381 354 1423 csse
369 1364 476 1420 debent
491 1378 558 1418 cum
574 1377 607 1417 eo
623 1361 672 1433 qui
696 1367 774 1417 recte
797 1361 942 1432 graditur,
958 1366 986 1417 et
1038 1357 1071 1408 111
1086 1369 1103 1407 11
1117 1368 1164 1409 mc
1178 1370 1295 1426 quoque
1311 1356 1497 1424 recederetis.
1513 1358 1590 1414 sicui
1603 1364 1633 1415 et
1645 1359 1764 1418 fecistis.
1780 1362 1866 1433 Nam,

156 1474 214 1514 uon
229 1455 326 1528 potius
343 1451 693 1517 maledictionemsubire,
705 1449 783 1506 sicut
792 1451 822 1506 in
842 1450 985 1507 conditio·
1039 1442 1486 1519 181111011Ῑ11111θῑῐθΠΙΡῙῦῑῊθθι
1502 1449 1609 1519 891111ῑῦ
1620 1451 1869 1521 Ρΐθωῑῦὓῑθῡῑῧΰῠ

157 1546 233 1602 nelis
247 1543 320 1614 legis
336 1542 451 1599 decreto
462 1540 628 1597 continetur
642 1539 705 1595 leid
717 1538 778 1596 haec
788 1544 928 1611 tanquam
942 1541 985 1596 sic
1038 1532 1168 1602 1111111115,
1181 1535 1261 1606 quod
1271 1540 1316 1591 cst
1325 1536 1541 1609 Christumque
1553 1539 1637 1594 diotae
1645 1542 1755 1597 suntad
1764 1543 1867 1610 David,

158 1636 300 1706 quaereret
316 1630 440 1703 populus
451 1629 480 1684 in
492 1645 548 1699 quo
560 1628 708 1684 mandatis
718 1629 832 1684 Domini
844 1644 901 1684 uon
914 1629 984 1684 obe.
1036 1620 1145 1678 vitulos
1162 1639 1267 1681 aureos
1282 1642 1358 1697 quos
1368 1626 1436 1682 tecit
1451 1627 1623 1684 Hieroboam
1633 1627 1767 1687 uoluistis
1779 1637 1808 1688 et
1818 1649 1868 1690 co·

157 1723 255 1793 diarii,
268 1723 317 1778 sed
333 1719 431 1792 potius
445 1718 475 1773 in
491 1718 692 1774 adversarium
708 1719 900 1783 consurrexit,
919 1734 983 1789 pro·
998 1737 1022 1804 B
1037 1712 1096 1767 lete
1112 1727 1169 1766 non
1185 1712 1351 1770 destitistis.
1365 1714 1424 1770 Hoc
1439 1720 1559 1787 agentes
1573 1717 1633 1773 sive
1648 1734 1733 1789 agere
1747 1721 1865 1792 jamdu-

156 1812 239 1868 tinus
249 1808 452 1880 subsequitur,
460 1810 489 1863 et
498 1807 570 1862 dicit
584 1807 852 1877 :Desupertunicam
859 1807 980 1878 pallium
1036 1799 1107 1855 dum
1124 1799 1320 1870 intendentes,
1336 1819 1379 1860 eos
1394 1805 1443 1876 qui
1457 1806 1616 1861 transibant
1626 1806 1863 1878 simplicitercon-

155 1899 322 1969 subtulistis,
347 1906 373 1953 et
397 1895 510 1967 eosqui
533 1894 692 1950 transibant
715 1895 889 1966 simpliciter,
916 1911 979 1951 con·
1031 1887 1152 1944 bertistis
1168 1891 1196 1944 in
1213 1891 1324 1947 bellum.
1338 1893 1461 1958 Quinam
1478 1895 1863 1973 erautilli‘lNimirumipse

154 1990 275 2045 vertistis
290 1989 320 2044 in
336 1987 447 2042 bellam.
464 1982 600 2040 Mulieres
613 1984 709 2056 populi
731 1986 787 2040 mei
809 1984 925 2057 optentis
948 1983 981 2040 de
1031 1975 1120 2033 David
1137 1979 1324 2051 otviriejus,
1349 1982 1404 2038 viri
1427 1984 1526 2054 tortos,
1560 1984 1619 2041 imo
1643 1986 1807 2056 tortissimi,
1831 1994 1861 2046 et

154 2077 233 2133 lanio
248 2075 412 2132 deliciarum
432 2088 558 2140 suorum,
582 2089 599 2128 a
610 2073 735 2143 paeoniis
756 2088 852 2128 earum
876 2073 981 2128 tulistis
1031 2071 1174 2137 quantum
1190 2067 1289 2134 iortes,
1307 2070 1588 2145 tantumsimpliees,
1602 2073 1631 2129 id
1646 2078 1691 2130 esi
1706 2076 1782 2132 bona
1801 2078 1859 2134 tide
1881 2146 1886 2153 .

156 2165 271 2221 laudern
285 2162 411 2218 mrcmirr
421 2163 715 2233 perpetuumsurpite
729 2164 753 2217 el
767 2162 812 2227 ite,
834 2162 898 2232 quia
924 2177 979 2216 non
1031 2154 1362 2226 elsimplicicordecum
1371 2159 1429 2217 Deo
1439 2162 1647 2220 ethominibus
1657 2165 1858 2225 ambulantes.

153 2253 264 2310 iubetis
277 2254 324 2308 tie
338 2252 469 2323 requiem.
486 2255 601 2321 Propter
615 2248 825 2305 immunditiam
840 2251 898 2321 ejus
918 2265 978 2305 cor·
1031 2242 1105 2307 illos,
1121 2243 1251 2314 inquam,
1266 2252 1437 2305 convertistis
1458 2252 1488 2307 in
1514 2251 1625 2318 bellum,
1649 2255 1860 2314 constituentes

152 2346 297 2415 rumpetur
309 2341 458 2414 putredine
470 2340 599 2411 pessima.
611 2338 719 2395 Causas
730 2338 903 2395 reddiditex
913 2340 979 2410 qui·
1030 2332 1193 2406 (supervos
1208 2353 1305 2410 regern
1322 2339 1448 2396 Absalon
1476 2341 1615 2399 adversus
1638 2348 1749 2416 petrem
1769 2362 1858 2404 suum

152 2429 979 2503 basconrtneiturpopulus,quodinadversariumcon·
1030 2419 1391 2494 1V⁸09·11111t.0tillo
1418 2434 1533 2486 mortuo
1560 2448 1664 2487 rursus
1700 2441 1858 2506 sequentes

153 2524 322 2583 surrexerit.
336 2521 494 2594 Oportebat
504 2520 978 2586 aulemcausesesseunirerseles,
1031 2511 1106 2569 Stbu
1121 2514 1216 2571 fllium
1232 2516 1336 2572 Bochri
1352 2517 1388 2588 (ΙΙ
1403 2518 1467 2587 iico-
1477 2519 1536 2591 xx).
1553 2519 1620 2576 lem
1637 2525 1707 2578 tuuc
1719 2539 1792 2595 pene
1807 2525 1858 2581 ds·

154 2614 183 2670 id
200 2617 245 2670 esi
255 2612 291 2668 ed
305 2610 471 2666 universum
482 2608 624 2682 populum
637 2609 826 2681 pertinentes,
838 2608 977 2681 quoniam
1029 2615 1112 2672 super
1126 2607 1251 2661 turricam
1264 2603 1388 2675 pallium
1408 2607 1493 2662 modo
1509 2607 1567 2678 jam
1593 2609 1672 2665 dioto
1696 2613 1858 2681 sustulistis,

153 2718 210 2759 uon
227 2703 263 2757 de
273 2698 470 2765 unobomine,
481 2698 559 2770 quod
571 2699 601 2753 in
612 2698 810 2754 adversarium
822 2713 977 2755 consurre-
1031 2689 1099 2761 quie
1112 2692 1249 2750 videlicet
1262 2694 1437 2751 buccinante
1452 2697 1527 2752 Saba
1543 2702 1572 2754 et
1588 2698 1702 2757 dicente
1719 2717 1726 2758 :
1742 2702 1801 2758 Non
1819 2710 1861 2760 est

150 2792 238 2858 xerit,
254 2790 306 2847 sed
322 2790 357 2845 de
371 2788 507 2844 universo
523 2786 629 2859 populo
645 2786 756 2842 dictum
772 2791 819 2841 est
838 2802 890 2858 per
907 2802 978 2858 ape·
1030 2780 1108 2836 nolis
1129 2799 1196 2854 pars
1220 2783 1250 2839 in
1265 2784 1364 2852 Dauid,
1395 2801 1483 2859 neque
1507 2787 1658 2845 hereditas
1673 2789 1704 2846 in
1721 2791 1780 2862 filio
1804 2793 1860 2852 lsut

149 2880 290 2952 stropben
306 2878 342 2934 ed
358 2877 526 2933 universum
544 2876 696 2947 populum,
719 2874 835 2945 desuper
855 2876 977 2931 tunicam
1031 2868 1082 2941 (ΙΙΙ
1097 2871 1161 2941 ltcp.
1176 2875 1242 2945 111);
1259 2877 1413 2946 separatus
1429 2882 1474 2932 est
1488 2878 1585 2934 omnis
1603 2879 1691 2935 isreel
1717 2897 1733 2936 a
1758 2882 1859 2949 David,

146 2967 273 3039 pallium
286 2965 445 3029 sustulistis,
462 2968 487 3018 et
505 2970 608 3018 oaelera
618 2963 719 3018 omnia
729 2963 826 3018 verbis
838 2953 976 3035 preteriti
1029 2963 1059 3015 ct
1074 2959 1116 3016 ita
1126 2960 1190 3018 sine
1205 2962 1293 3035 pallio
1305 2981 1463 3035 parumper
1473 2967 1617 3023 remansit
1629 2969 1658 3024 iu
1670 2968 1734 3026 sola
1747 2971 1858 3038 tunica,

147 3053 395 3126 temporis,'quod
406 3068 464 3108 non
475 3051 705 3107 videreturadeo
716 3052 975 3118 esseconvenians,
1032 3050 1102 3119 quia
1118 3050 1172 3106 soii
1188 3052 1377 3109 adheserunt
1391 3053 1419 3110 ei
1433 3056 1613 3113 contribules
1628 3058 1672 3114 sui
1695 3060 1747 3115 viri
1770 3059 1857 3119 lude.

148 3147 173 3203 si
190 3142 396 3201 tautummodo
411 3142 448 3196 de
464 3139 643 3212 quotidianis
669 3140 836 3210 loqueretur
859 3141 976 3213 injuriis
1033 3136 1201 3195 Peccauerat
1217 3157 1345 3212 namque
1360 3142 1391 3197 in
1407 3142 1517 3211 Uriam,
1532 3146 1681 3204 etidcirco
1696 3147 1857 3216 laborabat,

149 3234 209 3289 sive
224 3229 347 3300 rapinis.
362 3229 454 3302 igitur
469 3227 530 3294 ubi,
547 3226 666 3298 quaudo
680 3232 710 3284 et
724 3229 870 3298 quomodo
891 3245 981 3302 popu·
1029 3226 1222 3284 subtrahente
1234 3229 1352 3286 Domini
1374 3232 1409 3286 ad
1436 3232 1521 3297 breve
1546 3239 1663 3306 tempus
1687 3253 1788 3308 pacem
1807 3255 1859 3295 ve·

149 3318 197 3377 lus
212 3317 327 3376 Domini
344 3316 385 3374 ita
400 3316 429 3371 in
442 3315 642 3372 adversarium
654 3318 879 3385 consurrexerit,
891 3329 922 3374 ut
932 3319 977 3375 de·
1029 3327 1135 3390 strom,
1151 3342 1209 3382 nen
1224 3331 1321 3383 tamen
1338 3329 1439 3386 auxilii
1455 3330 1501 3386 eui
1524 3333 1659 3404 gratiam,
1676 3336 1745 3407 quia
1768 3336 1857 3394 citius

149 3423 233 3479 super
245 3408 373 3463 tunicum
385 3406 505 3478 pallium
519 3403 721 3472 cartalatam
735 3410 838 3463 cetera
862 3407 921 3464 heae
940 3409 979 3465 ia·
1030 3408 1081 3468 illo
1098 3414 1233 3486 propitio,
1243 3417 1401 3489 itareoepit
1414 3419 1536 3490 pallium
1548 3421 1626 3477 sicut
1637 3426 1814 3492 attunicarn,
1827 3427 1856 3483 id

152 3501 239 3564 corat,
255 3497 291 3552 de
305 3500 415 3552 sauctae
430 3493 587 3566 Scriptura
595 3494 760 3550 rationibus
772 3497 977 3568 proterendum
1031 3505 1077 3557 eet
1088 3503 1226 3561 Israelem
1242 3505 1319 3563 sicut
1331 3512 1359 3563 et
1373 3507 1389 3563 J
1395 3509 1494 3566 udam.
1510 3514 1546 3566 et
1560 3511 1609 3567 ubi
1624 3514 1754 3584 peccavit
1777 3514 1857 3573 tilius

153 3591 209 3653 est,
220 3591 249 3643 oi
260 3585 456 3642 nibilominus
467 3583 595 3656 quirillo
606 3584 978 3659 ineritoujusdesupertu·
1030 3591 1095 3661 ojus
1110 3591 1261 3661 Salomon,
1277 3612 1334 3652 non
1351 3597 1381 3652 in
1398 3615 1490 3654 unum
1506 3597 1668 3667 bominem,
1694 3603 1769 3659 sicut
1793 3604 1857 3677 ipae

153 3677 251 3733 nicam
266 3674 390 3748 pallium
405 3673 600 3730 sustulerunt.
615 3676 675 3731 Hoc
700 3675 793 3730 iacere
816 3677 977 3751 cupientes,
1032 3677 1122 3736 David
1136 3682 1164 3737 iu
1181 3682 1291 3751 Uriam,
1308 3686 1359 3741 sed
1374 3686 1509 3758 inipsum
1520 3687 1621 3759 Deum,
1634 3690 1773 3750 colendos
1783 3695 1856 3751 deos

154 3766 282 3839 primum
297 3763 456 3836 querimus
472 3761 543 3835 quid
558 3761 680 3818 rationis
695 3763 783 3819 luerit
796 3765 873 3836 quod
883 3767 978 3823 Achae
1031 3766 1269 3845 alienospropler
1280 3773 1436 3831 mulierum
1447 3778 1727 3849 concupiscentiam,
1737 3784 1861 3840 tuncin-

153 3855 296 3928 propbeta
310 3853 435 3926 loquens
450 3869 516 3908 cum
533 3850 707 3907 Hieroboam
723 3851 753 3907 iu
769 3869 904 3911 sermone
925 3855 979 3912 Do·
1031 3856 1148 3915 firmata
1162 3865 1207 3915 est
1221 3861 1326 3917 domus
1341 3862 1442 3930 David,
1453 3868 1537 3921 alvos
1550 3867 1742 3938 pravaluistis
1756 3870 1857 3929 toliere

153 3945 226 3999 mini
241 3944 388 4015 dereguo,
406 3939 494 4013 pallio
510 3956 584 3996 novo
607 3956 664 4012 quo
679 3939 802 3996 indutus
824 3947 894 4011 erat,
915 3960 976 4001 rem
1029 3945 1071 4001 ilii
1089 3946 1207 4020 pallium
1224 3965 1296 4006 :uec
1308 3951 1385 4007 enirn
1398 3953 1478 4008 vobis
1489 3955 1622 4012 resistere
1633 3957 1859 4029 potuitoaaret

150 4034 225 4090 2⁰1
252 4031 347 4103 ipsam
372 4029 467 4086 taliter
491 4027 677 4100 significavit,
709 4032 742 4084 ui
767 4029 915 4089 scinderet
941 4033 978 4089 il·
1028 4036 1102 4092 Ante
1126 4036 1216 4108 enlm,
1238 4038 1334 4109 inquit
1359 4039 1511 4112 Dominus,
1534 4044 1644 4101 tactum
1669 4050 1714 4103 eet
1734 4049 1856 4107 verbum

150 4119 204 4177 lud
224 4121 254 4175 in
280 4118 437 4175 duodecim
462 4122 572 4188 partos,
596 4118 674 4186 tolle,
691 4116 799 4190 inquil,
815 4119 866 4176 tibi
885 4120 976 4178 decem
1030 4121 1094 4190 boc,
1112 4123 1139 4178 id
1156 4125 1360 4196 estjudioium
1376 4127 1442 4197 boc,
1463 4129 1599 4190 videlicet
1623 4138 1655 4190 ut
1678 4152 1736 4193 uon
1758 4143 1859 4210 posset

149 4211 294 4266 scissuras.
323 4208 386 4265 iiaec
409 4212 484 4263 enim
509 4206 577 4263 dicit
605 4208 740 4264 Dominus
773 4214 845 4265 Deus
865 4211 975 4268 lsrael:
1031 4211 1288 4271 resisteredomos
1304 4216 1393 4272 David
1408 4218 1595 4291 erigentibus
1609 4225 1747 4295 peccatis,
1764 4229 1796 4282 ut
1815 4228 1858 4283 di·

149 4296 714 4369 Ecceeposcindamrepnumsalomonis
739 4295 772 4352 de
791 4313 878 4354 manu
906 4301 975 4370 eius,
1030 4300 1783 4371 mitteremvossecundumdesideriacordisvestri.
1801 4314 1856 4373 No·

150 4397 178 4445 et
192 4387 262 4444 dabo
276 4386 329 4444 libi
341 4388 433 4442 decem
446 4385 536 4440 tribur
550 4384 600 4455 (111
616 4386 681 4453 aap.
705 4386 744 4455 ιι)
767 4384 897 4444 Proiecto
926 4406 976 4462 per
1028 4390 1118 4446 tanda
1133 4392 1294 4463 proprietas
1311 4394 1459 4462 dictionis,
1476 4399 1544 4470 quie
1558 4402 1601 4457 sic
1616 4407 1661 4459 est
1677 4403 1800 4474 dietum,
1824 4410 1857 4463 ut

32 4506 35 4512 ‚
150 4475 273 4548 pellium
289 4489 377 4531 suum
394 4488 517 4546 regnum
534 4471 623 4528 lsrael
634 4473 873 4532 satiemaniieete
885 4477 975 4550 sigui·
988 4471 1013 4536 D
1028 4491 1072 4534 tos
1087 4481 1136 4551 qui
1150 4482 1308 4539 mansitant
1321 4486 1677 4557 simpliciter,connertistis
1691 4494 1720 4548 in
1737 4495 1853 4553 bellum.

150 4563 604 4637 flcevt1,atqaeideirootactum
622 4562 695 4618 iilud
720 4563 768 4619 hie
784 4566 814 4622 in
839 4565 973 4638 presenti
1029 4567 1167 4625 'transire
1182 4586 1309 4642 namque
1323 4578 1494 4631 sanctorum
1509 4580 1539 4632 et
1553 4575 1709 4635 electorum
1725 4588 1781 4649 est,
1803 4585 1854 4656 qui

149 4654 213 4714 loco
227 4672 295 4713 oum
310 4653 973 4724 dicitur,desupertunicumpulliamsustulislis,
1029 4667 1192 4713 manentem
1209 4658 1255 4715 bic
1271 4661 1416 4718 civitatem
1434 4680 1491 4719 nou
1508 4665 1626 4736 babent,
1643 4669 1695 4725 sed
1711 4671 1853 4744 futurem,

150 4763 205 4804 nos
219 4746 450 4803 animadvertere
464 4743 545 4812 iacit,
561 4759 626 4815 que
640 4742 766 4800 coetestis
779 4746 873 4818 gratia
885 4763 973 4819 puero
1028 4751 1184 4826 inquirunt
1199 4756 1295 4828 (seor.
1311 4760 1383 4829 1111),
1400 4762 1564 4819 secundum
1590 4781 1694 4822 nomen
1718 4768 1855 4827 flebraeo.

149 4854 204 4895 suo
219 4836 322 4902 David,
338 4832 423 4909 quasi
444 4832 566 4907 pallium
588 4849 677 4906 super
702 4834 831 4890 tunicam
854 4836 975 4893 dederat
1027 4857 1104 4911 rum,
1121 4844 1157 4900 de
1171 4845 1280 4916 quibus
1296 4846 1386 4902 David
1400 4853 1460 4906 tam
1478 4850 1545 4918 tide,
1559 4868 1649 4926 quam
1664 4872 1753 4913 omo
1772 4864 1854 4917 orsu,

149 4925 241 4983 111111
250 4924 407 4991 etiudam,
423 4926 456 4979 111
466 4938 555 4995 super
566 4928 724 4995 utrumque
735 4928 880 4996 regnaret.
890 4925 973 4983 Prius
1026 4936 1082 4988 eat.
1107 4932 1218 4990 Hebraei
1239 4950 1368 5009 nemque
1388 4938 1485 4996 Latine
1509 4941 1648 5000 dicuntur
1669 4946 1854 5008 transitores.

149 5009 585 5088 quasitunicaindneratitlum
596 5011 971 5086 quandoreguurudeditei
1026 5020 1178 5093 bjmmodi
1194 5024 1314 5080 luerunt
1329 5026 1419 5083 David
1436 5034 1465 5085 et
1484 5031 1631 5101 Ezechias,
1653 5038 1681 5090 et
1700 5035 1811 5110 iosias,
1827 5045 1857 5096 et

148 5103 278 5178 primum
294 5117 382 5174 super
395 5099 411 5157 J
416 5100 505 5156 udam
521 5098 628 5156 solum.
641 5101 755 5172 Septem
765 5101 873 5174 quippe
886 5103 973 5160 annia
1025 5118 1127 5166 cetera
1143 5111 1248 5169 domus
1264 5115 1354 5170 David
1368 5115 1473 5183 tidelis,
1490 5118 1569 5175 intra
1584 5139 1672 5194 quarn
1688 5127 1718 5181 et
1731 5126 1854 5183 domum

147 5192 278 5266 regnavit
293 5192 323 5246 in
337 5190 451 5246 ttebron
462 5189 679 5261 superdomum
691 5188 778 5256 luda,
796 5191 969 5264 priusquam
1025 5197 1211 5269 Hieroboam,
1228 5202 1305 5258 siout
1319 5203 1470 5276 Scriptura
1484 5207 1584 5275 refert,
1603 5226 1720 5284 semper
1739 5214 1850 5272 bellum

147 5285 515 5357 1181111181191110111111111
534 5279 633 5335 111111·
649 5279 770 5343 Quande
791 5297 858 5338 vero
883 5299 969 5341 vene·
1025 5287 1082 5343 tuit
1095 5288 1145 5359 (ΙΙΙ
1161 5293 1227 5358 llep.
1244 5292 1315 5362 xrs).
1330 5292 1346 5348 Ι
1351 5297 1420 5349 uxta
1435 5310 1524 5368 quam
1535 5296 1762 5358 similitudinem
1773 5320 1851 5360 nuuc

145 5371 365 5429 runtuuivsrse
375 5368 469 5424 tribus
478 5368 513 5423 ad
522 5367 607 5423 David
619 5365 770 5425 iuHebrou
783 5374 970 5427 elunxerunt
1024 5393 1119 5450 usque
1132 5395 1249 5452 semper
1262 5380 1372 5438 bellum
1388 5388 1442 5452 est,
1454 5385 1549 5441 eterit
1560 5390 1693 5460 usquein
1705 5392 1791 5450 tinem
1804 5411 1855 5451 εἷς.

26 5468 29 5473 ’
143 5478 211 5518 011111
230 5473 426 5532 188911131111
440 5472 488 5521 ⁸03
505 5472 572 5512 1111111
592 5457 652 5528 Ι11111
664 5461 669 5501 ·⁶
676 5463 787 5529 11111111
813 5460 911 5528 1111111,
939 5464 971 5518 ui
1024 5467 1093 5538 euti,
1110 5467 1249 5525 intereos
1264 5470 1360 5542 quiin
1375 5474 1511 5544 presenti
1528 5479 1634 5534 secuto
1656 5480 1790 5538 animum
1815 5485 1852 5541 u-

143 5550 282 5614 diximus,
299 5550 451 5621 regnasset
465 5562 553 5619 super
567 5546 854 5604 domumludatunc
868 5549 967 5605 Domi·
1022 5563 1108 5626 gunt,
1121 5560 1151 5614 et
1165 5572 1216 5614 eos
1229 5558 1280 5630 qui
1296 5560 1330 5616 ad
1343 5565 1452 5619 eterna
1465 5563 1555 5621 iuturi
1567 5567 1852 5632 saoultbonatrans-
