3826 6014
42 186 56 291 ²,
162 232 221 293 aas
712 226 884 291 llUPlllt'll
907 225 1073 287 leaenis
1095 228 1318 291 volutatists
1697 226 1701 232 ’
1808 224 1873 286 itta

161 366 340 428 durauerant,
356 379 446 419 omnes
461 360 587 417 eamdem
604 365 702 432 potum
717 362 891 431 spiritantem
906 361 983 417 hibe·
999 365 1026 428 Α
1040 378 1103 418 cnm
1127 366 1302 420 intuerentur
1319 370 1429 419 euntem
1453 361 1535 417 ilium
1564 359 1595 415 in
1615 359 1712 414 cretum
1735 358 1874 431 apostoli,

162 462 227 513 runt
239 476 245 524 ;
258 455 304 512 sed
317 471 371 510 non
382 457 410 509 in
420 455 650 524 ptnrtoasecram
666 453 868 522 berreplacitum
880 461 920 508 est
932 459 986 507 ileo
1037 459 1171 510 steterant
1179 457 1264 526 jacto
1275 455 1338 511 ittae
1347 472 1376 510 sn
1392 454 1507 511 uestibus
1518 453 1600 516 olbis,
1613 451 1661 522 qni
1675 455 1703 505 et
1714 453 1873 507 dicernat:

161 548 188 619 (l
202 547 262 602 Cor.
279 547 318 616 x),
334 543 509 600 subanditur
535 553 565 597 ut
589 544 693 598 saltem
718 541 747 597 in
774 542 852 597 illam
877 547 984 597 terram
1042 545 1099 600 Viri
1118 544 1240 614 aetites,
1262 545 1328 618 qnid
1352 548 1432 600 statis
1447 542 1611 604 pantaenus
1626 543 1656 596 in
1678 540 1802 597 oniensi
1822 541 1873 596 iiic

160 635 395 705 ingrederentur,
411 650 474 706 quae
490 634 595 688 umbra
608 637 669 687 erat
689 630 769 687 illius
784 636 869 687 terres
886 632 986 686 vivan·
1038 635 1114 690 iesus
1128 636 1177 707 qni
1191 641 1346 706 assumptus
1360 639 1399 690 est
1414 651 1431 689 a
1448 634 1522 690 uobis
1539 634 1565 688 in
1582 630 1692 698 coelam,
1709 632 1749 686 sic
1767 633 1870 698 ueniet,

160 724 242 790 tium,
261 741 349 795 quem
376 723 405 778 in
429 723 527 778 saturo
550 737 723 792 speramus:
751 737 818 776 nam
846 719 986 793 prostrati
1038 725 1265 796 quemadmodum
1280 725 1387 781 uidistis
1401 739 1462 780 eum
1473 727 1581 780 euntem
1596 724 1626 777 in
1638 732 1735 777 emtum
1748 720 1820 792 (ici.
1839 720 1871 791 1).

161 821 230 869 suut
246 813 276 867 in
292 814 416 868 deserto.
433 811 497 867 llaec
517 816 614 866 autem
643 810 672 865 in
697 811 792 882 ligura
816 809 893 865 iacta
917 816 987 864 sunt
1038 816 1095 882 Sic,
1113 816 1247 887 inquam,
1262 815 1368 882 veniet,
1386 815 1536 886 dispersus
1553 812 1688 882 Nicivan,
1706 811 1732 866 id
1750 816 1794 866 est
1817 812 1870 880 ju·

160 902 253 959 nostri
264 910 293 959 et
307 911 425 970 caetera3
439 903 586 972 nuncjam
598 905 749 972 sequentia
762 916 986 971 persequamur.
1039 904 1187 960 dicaturus
1201 905 1279 960 hunc
1293 905 1446 960 mundum.
1463 903 1593 959 Fortium
1609 900 1727 957 illorum
1740 900 1777 955 dc
1793 900 1872 970 prin·

162 992 278 1065 dippeus
298 991 414 1064 fortiam
435 993 494 1063 ejas
514 992 633 1063 ipnirns,
654 989 710 1044 uiri
723 988 863 1045 exercitam
877 990 937 1060 ejus
956 988 987 1043 in
1039 992 1154 1063 cipibus
1170 1008 1248 1048 unus
1268 995 1313 1048 est
1343 989 1478 1056 Michael,
1494 991 1530 1045 de
1554 1006 1611 1060 quo
1628 989 1657 1044 in
1681 986 1871 1060 Apocalypsi,

159 1081 301 1138 coccineis.
320 1084 407 1154 ipnrae
422 1082 535 1138 haelenae
551 1095 650 1135 cerras
667 1081 699 1135 in
719 1080 764 1134 die
774 1077 988 1151 praeparationis
1040 1080 1090 1136 ubi
1102 1081 1243 1150 escendit,
1256 1081 1306 1137 ubi
1317 1084 1418 1152 raptus
1429 1084 1473 1135 ast
1488 1079 1568 1133 illius
1581 1077 1669 1134 beata
1686 1076 1821 1132 mulieris
1832 1078 1870 1131 ad

160 1176 232 1240 etas,
246 1181 272 1227 et
285 1173 432 1242 apitatores
451 1169 586 1241 consopiti
606 1174 681 1225 sunt.
698 1171 729 1225 ln
745 1169 895 1225 itineribus
917 1185 987 1224 con·
1039 1170 1238 1237 Deum,atad
1268 1172 1406 1227 thronum
1432 1167 1800 1240 ejus,itascriptumest:
1832 1169 1872 1222 Et

159 1260 346 1327 taroctisunt,
363 1261 512 1333 quadripes
532 1259 636 1315 collisas
652 1267 717 1314 sant
738 1260 769 1313 in
784 1258 894 1330 ptateis,
909 1271 988 1326 nepe·
1038 1267 1144 1332 tactam
1160 1267 1198 1316 eat
1211 1259 1342 1331 pretinm
1356 1276 1487 1330 mtvpnnm
1503 1260 1531 1312 in
1547 1259 1624 1325 catio,
1638 1257 1753 1313 tlichael
1769 1261 1796 1312 et
1810 1273 1868 1311 orr-

159 1359 217 1406 ctns
232 1367 326 1406 eornm
341 1353 421 1422 pansi
436 1349 584 1421 ternpodes,
600 1357 625 1404 et
648 1349 730 1419 qnasi
748 1348 863 1417 sulpura
877 1347 986 1403 discor·
1038 1351 1093 1422 peti
1108 1351 1166 1421 ejus
1176 1350 1384 1423 pretatione
1403 1365 1465 1404 curn
1488 1357 1607 1403 ‹trocone
1623 1347 1713 1418 (ripae.
1729 1347 1793 1419 xri),
1809 1351 1867 1402 etc.

159 1441 259 1496 reatin.
270 1472 304 1482 —
315 1441 442 1513 clypeos,
453 1440 556 1511 inquit,
567 1439 685 1510 tortium
694 1440 758 1512 ejus
769 1438 882 1511 iphitus.
894 1438 988 1509 Cujus
1040 1439 1149 1497 ilerum
1160 1424 1279 1495 tortium
1291 1439 1411 1512 clypeus
1421 1437 1499 1495 verbi
1512 1438 1574 1505 Dei,
1586 1436 1715 1492 Verbum
1728 1441 1870 1505 Deusest,

160 1532 226 1602 ejus
238 1530 252 1585 ‘l
266 1529 770 1595 PutasueilliesNabuchodonosor,
784 1529 833 1599 qui
853 1527 986 1583 escendit
1039 1535 1067 1586 ct
1081 1531 1192 1602 clypeus
1209 1531 1308 1602 utique
1321 1528 1509 1601 ipnitus,quia
1520 1528 1663 1598 scriptum
1679 1528 1873 1596 esttlpnitnm

160 1623 193 1674 ut
208 1619 475 1690 disperderetillnm
492 1618 626 1683 localem,
642 1619 777 1691 quamvis
790 1633 927 1688 magnam
940 1616 986 1672 Ni·
1039 1621 1179 1690 eloquiam
1190 1629 1267 1675 tunm
1282 1619 1455 1675 uehementer
1466 1617 1655 1687 (Psatcxvm)
1668 1634 1675 1681 ;
1687 1616 1820 1687 itemque
1833 1616 1869 1670 ad

52 1724 56 1731 ’
159 1709 280 1765 nivem?
294 1710 391 1766 Fuerit
407 1711 525 1783 quidem
543 1709 662 1764 tortium
679 1708 759 1764 illius
777 1709 897 1779 clypeus
912 1724 985 1779 quo·
1002 1741 1025 1805 B
1041 1709 1227 1765 Salomonem
1249 1710 1359 1766 dictum
1378 1713 1421 1765 est
1436 1725 1441 1764 :
1458 1711 1556 1767 Omnis
1577 1707 1729 1763 sarmatici
1754 1708 1871 1778 clypeus

157 1798 540 1873 modoounqueignltusaut
550 1798 734 1869 splendidus,
744 1802 772 1854 et
783 1797 986 1853 viricxercitus
1042 1801 1149 1869 ipnitar
1161 1803 1200 1855 est
1215 1798 1306 1869 (Pron.
1318 1800 1392 1871 xxx).
1409 1798 1516 1854 Contra
1531 1813 1605 1870 quos
1621 1796 1732 1869 ignitus
1743 1801 1790 1852 est
1803 1795 1870 1851 talis

158 1889 223 1959 ejus
235 1891 333 1947 vestiti
349 1891 451 1963 caligis
467 1907 500 1945 ec
516 1889 609 1946 ocreis
625 1887 779 1956 coccineis,
792 1887 853 1943 sive
869 1887 987 1942 alterius
1044 1888 1098 1944 iste
1114 1888 1245 1960 clypeus,
1257 1888 1314 1943 nisi
1328 1892 1429 1944 contre
1443 1888 1601 1943 draconem
1619 1884 1778 1957 stangelos
1793 1885 1869 1955 ejus.

158 1981 433 2054 cujuslibetcoloris
442 1978 773 2053 pulchrivcrumtemeo
782 1978 909 2049 Spiritus
922 1993 990 2032 san·
1043 1980 1240 2036 Intolerabilis
1250 1983 1295 2035 est
1306 1978 1363 2035 illis
1372 1979 1594 2050 isteignitorum
1606 1976 1870 2051 clypeorumignis,

162 2077 240 2139 ctas,
257 2070 379 2142 spiritus
395 2068 582 2140 propheticus
600 2083 785 2139 nequequam
798 2066 838 2121 ite
854 2081 885 2120 sa
901 2063 992 2120 dami-
1043 2070 1121 2126 unde
1137 2075 1166 2125 st
1180 2071 1373 2142 exprobretur
1387 2069 1430 2125 illi
1445 2070 1521 2142 apud
1539 2068 1731 2133 Ezechielem,
1748 2068 1798 2123 uhi
1816 2068 1871 2123 sub

167 2165 246 2232 serit,
264 2168 296 2218 ut
310 2164 423 2235 absque
438 2165 571 2233 respectu
589 2161 719 2232 mysterii
734 2175 827 2231 nugas
843 2162 893 2213 aut
908 2156 990 2215 vani·
1043 2159 1214 2215 nominibus
1226 2176 1326 2214 novem
1337 2158 1465 2231 lapidum
1478 2157 1586 2215 dicitur
1596 2159 1627 2214 in
1640 2174 1708 2213 eum
1719 2158 1756 2212 de
1766 2173 1871 2214 novem

167 2258 243 2309 tetes
259 2252 413 2323 ejusmodi,
426 2251 543 2323 clypeos
557 2254 584 2305 et
595 2266 709 2317 currus,
726 2254 777 2304 aut
790 2263 929 2303 curruum
943 2246 991 2302 ha·
1043 2252 1198 2308 ordinibus
1213 2252 1404 2324 angelorum:
1422 2254 1453 2307 Et
1467 2251 1536 2323 ejeci
1551 2260 1576 2307 te
1599 2251 1631 2306 de
1647 2258 1736 2306 monte
1759 2251 1819 2314 Dei,
1847 2255 1874 2307 ei

168 2342 258 2398 bones
272 2345 301 2397 at
315 2344 467 2395 currentes
481 2338 649 2412 quadrigas,
661 2339 786 2393 vestitus
798 2336 948 2394 coccineos
963 2339 992 2391 et
1043 2341 1152 2414 perdidi
1175 2348 1212 2408 te,
1237 2358 1252 2396 o
1276 2342 1386 2399 Cherub
1408 2347 1561 2412 protepens,
1576 2340 1610 2397 de
1632 2339 1722 2397 medio
1745 2340 1872 2411 tepidam

166 2441 302 2505 aspectus
316 2433 445 2488 virorum
463 2429 590 2501 inlgidos
607 2434 759 2500 tantopere
774 2426 948 2493 declamare,
961 2429 990 2481 et
1042 2433 1196 2501 ipnitornm
1212 2431 1315 2502 (deeris.
1332 2433 1442 2503 xxviii).
1456 2431 1628 2486 l’orroviros
1641 2431 1676 2486 da
1693 2430 1802 2501 quibus
1818 2431 1870 2498 ait,

167 2522 385 2595 superventuris
401 2519 526 2587 seculis,
539 2520 648 2592 quibus
663 2519 845 2589 Scripturam
863 2517 989 2589 prophe·
1043 2523 1097 2577 uiri
1106 2524 1244 2577 enercitns
1254 2523 1315 2593 ejas
1327 2524 1355 2576 in
1366 2520 1507 2584 coccineis,
1517 2520 1581 2575 illos
1595 2518 1789 2592 intelligimus
1803 2519 1872 2592 quie

166 2614 252 2669 ticam
270 2614 347 2669 ΜΔ
357 2626 540 2685 perseverare
549 2609 676 2677 volabat,
691 2608 841 2664 notificare
853 2608 990 2679 dignatus
1044 2614 1250 2683 adjuvantibus
1265 2614 1388 2668 tortibus
1400 2612 1459 2668 sive
1475 2611 1700 2682 cooperantibus
1715 2610 1872 2678 illis,sam-

166 2703 213 2760 sit.
230 2703 367 2776 Spiritum
384 2703 660 2773 igiturquocunque
675 2700 766 2765 vadit,
784 2715 835 2770 pro
852 2714 935 2770 posse
950 2713 991 2752 se·
1044 2719 1095 2776 per
1108 2702 1306 2768 invisibiliter,
1323 2702 1481 2774 aliquando
1497 2707 1595 2757 autem
1612 2701 1700 2758 etiem
1717 2701 1873 2757 visibiliter

166 2811 303 2866 quamue,
321 2799 349 2848 et
364 2792 432 2865 quia
448 2793 534 2847 verba
551 2790 679 2862 Spiritus
696 2790 788 2845 sanati
807 2795 886 2857 sunt,
904 2788 989 2860 spiri·
1043 2790 1264 2845 viceruntillum
1276 2790 1524 2854 draconem,sicnt
1539 2789 1798 2862 ihidemsoriptum
1810 2793 1870 2845 est:

165 2886 257 2942 tualia
284 2885 379 2957 potius
397 2885 424 2939 in
444 2884 540 2939 verbis
558 2882 694 2955 mysteria
712 2885 904 2952 requiramus.
922 2881 990 2934 l'or·
1042 2881 1074 2935 Et
1087 2883 1142 2948 ipss
1156 2884 1281 2936 uicerant
1295 2896 1358 2935 enm
1372 2889 1485 2950 propter
1508 2880 1673 2949 sanquinem
1688 2879 1759 2949 Apni
1773 2879 1870 2948 (Apoo.

164 2977 238 3032 tium
264 2978 328 3046 ajars
351 2974 412 3045 qui,
437 2978 469 3027 ut
497 2973 700 3043 supradictum
726 2977 779 3036 est,
804 2969 936 3024 ascendit
958 2968 988 3023 in
1042 2973 1103 3041 xvi),
1121 2980 1145 3026 et
1159 2970 1288 3026 taverunt
1303 2970 1385 3025 statas
1400 2986 1463 3026 suos
1479 2972 1509 3025 in
1529 2971 1669 3042 sanquine
1685 2968 1754 3039 Aput
1774 2969 1872 3039 (Apoe.

164 3064 280 3130 coelum,
294 3063 429 3127 Niniven,
442 3061 641 3131 dispersurus,
654 3058 683 3113 id
699 3064 744 3113 est
759 3058 901 3113 mundusu
912 3058 989 3129 judi·
1043 3060 1104 3131 vu).
1121 3059 1232 3115 Deinde
1249 3061 1349 3131 igneas
1365 3059 1494 3115 habenas
1518 3076 1633 3130 currus,
1650 3057 1786 3132 proelatos
1808 3058 1870 3115 siva

165 3160 286 3208 caturns
300 3154 414 3222 sortium
430 3151 550 3220 inquam
566 3165 624 3219 eyes
640 3150 753 3220 clypeus
769 3147 872 3218 ipeitns
888 3155 938 3217 est,
962 3110 1024 3202 ctC
1043 3157 1168 3205 rectores
1196 3149 1392 3206 Eccleslarum
1420 3148 1626 3221 intelligimus,
1643 3148 1713 3221 quia
1737 3147 1873 3204 videlicet

163 3243 221 3296 uiri
232 3243 369 3296 exercitus
379 3240 438 3308 ejas
449 3240 478 3292 in
487 3237 660 3303 coccineis,rt
669 3239 758 3308 ipner
770 3235 988 3290 itabenaecurrus
1041 3241 1119 3296 sieut
1132 3241 1249 3296 habente
1262 3248 1364 3311 regunt
1380 3246 1556 3308 corrumpis
1568 3238 1674 3311 regulae
1687 3239 1747 3295 sive
1758 3238 1870 3295 monita

166 3333 195 3386 in
218 3329 262 3386 die
280 3326 493 3402 properationis
510 3328 577 3400 ejus·
595 3329 662 3392 0⁰³³
686 3325 724 3382 Sil
749 3325 920 3397 ptaeptttffliO
943 3324 987 3380 tei
1042 3330 1236 3386 borumillum
1250 3337 1354 3401 regunt
1366 3331 1538 3399 currurn,de
1550 3345 1608 3402 quo
1623 3329 1653 3384 in
1671 3329 1785 3400 psalmo
1797 3330 1872 3384 scri·

165 3421 227 3476 dies
243 3418 462 3491 properationis
482 3417 546 3489 ejus
562 3414 672 3485 etquid
700 3424 878 3487 praeparatur
895 3414 987 3486 primo
1041 3431 1122 3495 ptum
1136 3425 1180 3476 est
1192 3436 1198 3474 ι
1209 3422 1314 3476 Curras
1325 3417 1769 3483 Deiriecemvnittibnsmultiplea
1777 3416 1870 3473 mittio

164 3509 354 3581 quarendum
367 3513 452 3576 ast,et
467 3505 571 3561 deinde
582 3508 685 3559 caetera
702 3502 805 3557 melius
817 3502 986 3570 clarescent,
1041 3513 1199 3567 ipsensium
1211 3509 1298 3582 (neat,
1316 3511 1411 3580 aevu),
1428 3514 1502 3565 sunt
1517 3516 1616 3564 autem
1631 3508 1752 3564 habene
1763 3506 1868 3580 igneae,

164 3599 240 3670 qnod
264 3614 399 3668 maguam
416 3599 444 3652 in
470 3612 501 3651 se
526 3611 646 3650 sensum
672 3592 871 3664 spiritualium
897 3593 987 3647 conti·
1041 3601 1112 3673 quia
1127 3600 1259 3656 videlicet
1274 3601 1352 3655 dicta
1367 3598 1410 3655 val
1427 3599 1565 3663 iactasse
1578 3614 1664 3655 omna
1678 3613 1800 3670 regnum
1817 3612 1869 3654 so·

164 3693 253 3744 noent
267 3690 462 3760 majestatem.
479 3686 552 3746 auid
579 3701 648 3757 argo
670 3684 934 3756 praeparamenta
959 3691 989 3738 ut
1042 3708 1107 3746 rum
1126 3707 1182 3745 non
1207 3694 1251 3744 est
1265 3689 1308 3744 vel
1335 3705 1398 3744 esse
1414 3688 1498 3742 debet
1520 3687 1584 3744 sine
1605 3703 1711 3756 maeno
1728 3686 1797 3742 boui
1812 3685 1866 3742 zeli

165 3780 294 3835 mundus
303 3780 460 3849 judicetur.
473 3781 509 3831 aa
519 3792 582 3846 que
594 3781 638 3829 est
654 3773 740 3844 hujus
753 3774 791 3828 rei
804 3773 987 3844 preparatio,
1042 3781 1164 3836 tervorc.
1182 3776 1225 3833 llll
1241 3778 1328 3832 tortas
1343 3793 1409 3834 cuna
1420 3776 1522 3848 ignitis
1538 3775 1706 3848 clypeis‚isti
1719 3775 1867 3832 uirieoeer·

163 3871 221 3926 nisi
237 3868 382 3939 Evangelii
395 3864 582 3938 praedicatio?
593 3863 626 3918 Et
642 3867 709 3936 quis
720 3863 832 3918 estdiee
844 3879 988 3933 praepera·
1040 3870 1113 3925 citur
1124 3870 1184 3935 ejus
1199 3873 1227 3924 in
1243 3868 1385 3935 coccineis,
1401 3868 1462 3924 istae
1489 3871 1564 3940 iprrae
1577 3884 1677 3924 carras
1700 3867 1818 3925 habenoe
1837 3868 1869 3923 in

164 3960 254 4015 tionis
269 3961 343 4026 ejus,
360 3958 416 4012 nisi
433 3963 526 4012 tottam
548 3955 601 4010 hoc
618 3959 736 4025 tempus
757 3967 849 4023 nsque
865 3953 900 4006 ad
918 3968 987 4007 con·
1041 3959 1087 4015 die
1100 3957 1316 4030 praeyrararionis
1335 3960 1405 4030 etas,
1423 3959 1612 4023 subauditur,
1629 3973 1781 4030 nunquam
1797 3958 1868 4013 deil-

163 4048 389 4110 flumttwlionem
406 4045 529 4101 seculi?
545 4044 673 4115 Deniqufl
686 4047 911 4113 quassluvttnque
923 4042 990 4096 diu·
1042 4049 1124 4103 ciunt
1142 4053 1171 4103 et
1186 4048 1282 4104 omnis
1297 4049 1372 4103 actio
1388 4064 1489 4104 eorum
1512 4047 1682 4120 praeparatio
1703 4052 1749 4103 est
1763 4052 1869 4103 extunc

162 4136 548 4207 turaitas,quantasounqne
559 4149 700 4187 numerus
712 4129 990 4186 annorumsitsicut
1044 4154 1136 4209 usque
1152 4137 1182 4192 in
1199 4137 1286 4192 tinem
1302 4137 1589 4209 saecalipraeparatio
1602 4136 1870 4208 dispersioneque

162 4233 289 4297 tempus,
308 4227 347 4281 ita
363 4230 392 4280 et
408 4226 469 4280 dies
498 4230 573 4279 recte
592 4223 709 4290 dicitur,
726 4226 850 4277 testante
865 4221 989 4277 Doiruino
1043 4225 1447 4297 dispergendeestNinivc,id
1456 4232 1498 4281 est
1509 4226 1682 4298 judiciique
1685 4226 1869 4294 judicandus

161 4314 225 4386 ipso
237 4331 303 4370 cum
313 4315 340 4369 in
353 4312 568 4386 prophotadicit
580 4328 587 4365 :
600 4313 730 4380 Tcorprre
740 4311 991 4382 acceptoexoudioi
1043 4319 1085 4370 est
1101 4316 1231 4370 mundus
1246 4316 1310 4370 istc.
1327 4315 1448 4381 Interim
1467 4332 1594 4387 namque
1608 4331 1661 4387 per
1675 4329 1725 4370 eos
1740 4314 1869 4386 Spiritus

159 4407 195 4472 te,
212 4412 239 4460 et
254 4405 284 4460 in
305 4403 457 4460 dicacitatis
481 4401 577 4473 adjeci
593 4407 620 4457 te
646 4403 700 4472 (isa
725 4408 811 4469 xcix).
828 4400 988 4472 Apostolus
1044 4408 1164 4461 sanctas
1178 4405 1272 4474 nequit
1285 4405 1418 4460 orandum
1438 4404 1470 4461 de
1484 4414 1601 4477 peccato,
1618 4413 1643 4459 et
1658 4402 1690 4458 de
1702 4403 1828 4474 justitio,
1843 4408 1869 4459 et

162 4510 290 4566 numque
305 4493 448 4550 succinit:
480 4493 545 4548 Ecce
572 4507 647 4545 nunc
675 4499 781 4561 tempas
804 4489 984 4562 acceptabile,
999 4478 1023 4543 D
1034 4493 1142 4568 jndicio
1157 4495 1244 4564 (iocre.
1257 4494 1325 4566 xvv),
1337 4499 1366 4549 et
1380 4510 1413 4549 eo
1428 4498 1579 4565 arguente,
1589 4493 1705 4564 lugiunt
1721 4494 1863 4549 mundum

160 4596 221 4637 ecce
234 4598 310 4638 nvnc
324 4583 380 4638 diet
394 4582 495 4637 solutis
508 4581 543 4653 (ll
559 4584 620 4636 Gor·
633 4579 682 4644 Vll·
698 4578 790 4651 igilur
801 4595 877 4634 ⁰⁰⁰⁵
893 4578 985 4634 idom·
1041 4587 1202 4657 periturum
1215 4583 1244 4639 hi
1260 4584 1309 4655 qui
1321 4585 1485 4648 credant,ct
1497 4585 1547 4655 qui
1559 4589 1674 4638 occulere
1691 4599 1749 4638 nou
1766 4582 1870 4639 vuttflt

160 4685 217 4742 que
240 4671 314 4740 dies,
339 4670 388 4743 qui
412 4669 541 4726 credenti
568 4669 678 4723 mundo
707 4677 751 4723 est
781 4669 844 4723 dies
869 4667 984 4737 salutis,
1040 4673 1248 4731 inexcusabilis
1263 4673 1478 4730 mundus.Haec
1493 4678 1537 4729 est
1554 4673 1725 4745 praeparatio
1740 4674 1819 4744 ejus.
1836 4671 1869 4726 Et

159 4777 217 4818 non
234 4763 364 4818 credenti
381 4762 491 4817 mundo
506 4765 551 4816 est
572 4760 632 4815 dies
651 4757 881 4831 praeparationis,
898 4765 926 4814 et
941 4759 984 4813 in·
1039 4764 1197 4835 agitatores,
1223 4763 1328 4834 inquit,
1348 4765 1487 4834 consopiti
1500 4770 1576 4819 sant.
1593 4765 1752 4832 spiratores
1783 4761 1869 4833 plane

157 4855 202 4907 tra
224 4850 301 4906 hunc
326 4851 403 4906 diem
430 4847 665 4923 praeparationis,
679 4847 810 4903 invenire
833 4847 983 4911 debemus,
1040 4872 1097 4911 non
1113 4855 1176 4925 eJus
1192 4857 1296 4908 catera
1310 4861 1379 4909 sunt
1393 4855 1469 4924 eJus,
1488 4855 1577 4909 fortes
1591 4868 1717 4925 quorum
1746 4852 1868 4925 clypeus

156 4944 185 4994 et
200 4940 302 5012 igneos
324 4940 444 4995 fortium
469 4939 534 5010 ejus
559 4938 689 5010 clypeos,
705 4941 734 4992 el
759 4939 881 4992 vestitus
906 4936 984 4993 viro·
1039 4941 1869 5015 estignitue,dicunturctsuntejus,virienercitarineoc-

156 5045 222 5085 rum
242 5031 306 5102 ejus
331 5030 481 5087 coccineos
505 5035 534 5084 et
557 5028 688 5084 habenas
703 5042 843 5082 curruum
869 5024 982 5098 igneas,
1038 5034 1134 5103 cineis,
1149 5031 1290 5087 dicuutur
1304 5035 1332 5086 et
1347 5036 1417 5086 suat
1432 5032 1506 5103 ejus,
1523 5048 1620 5087 carran
1632 5048 1695 5087 cum
1712 5029 1801 5103 ἰρηεὶε
1814 5029 1868 5085 tao·

157 5124 184 5173 et
198 5120 359 5192 quadriges
382 5120 411 5176 iu
440 5118 543 5191 plateis
568 5117 698 5186 collisas,
714 5120 743 5172 et
768 5118 904 5188 aspectus
925 5115 982 5172 iul·
1040 5122 1123 5189 benis,
1140 5129 1167 5177 st
1179 5125 1239 5176 tota
1254 5121 1428 5192 preparatio
1444 5119 1553 5177 dicitur
1567 5126 1595 5176 et
1610 5126 1656 5176 est
1669 5120 1754 5192 elus:
1771 5121 1867 5189 opite-

157 5222 277 5278 gureos,
307 5215 335 5266 et
371 5216 474 5266 catera
508 5206 604 5263 bellici
645 5211 804 5279 apparatus
841 5204 981 5278 insignia,
1038 5221 1109 5268 tores
1124 5226 1191 5266 vero
1209 5226 1262 5265 nec
1281 5210 1430 5280 dicuntur,
1449 5225 1500 5265 nec
1529 5211 1690 5283 suntejua.
1714 5208 1870 5280 Apr'tntoree

158 5312 221 5367 quie
246 5298 438 5355 declamando
464 5298 502 5354 ite
525 5294 664 5362 inculcat,
682 5298 714 5349 ut
744 5294 841 5367 palum
870 5296 909 5351 sit
937 5296 981 5352 vel
1038 5300 1144 5373 quippe
1160 5298 1210 5371 qui
1231 5303 1310 5367 sunt,
1327 5299 1384 5357 nisi
1405 5299 1670 5373 inquieti,inlesti,
1685 5298 1824 5370 injuriosi
1840 5302 1869 5354 et

156 5402 221 5442 esse
250 5389 353 5446 debeat
381 5389 450 5461 qnia
475 5403 582 5459 magna
611 5387 671 5457 agit
700 5384 982 5457 pervasoresque
1037 5385 1237 5444 contumeliosi
1254 5387 1314 5443 sive
1338 5387 1580 5459 superbit'l'eles
1608 5390 1735 5444 istenon
1765 5386 1867 5452 habet,

156 5473 224 5532 illos
240 5477 287 5534 bie
303 5479 475 5550 accipimus,
488 5491 612 5550 querum
629 5475 664 5530 da
675 5472 866 5532 multitudine
881 5477 938 5532 duo
951 5477 981 5531 in
1036 5475 1110 5532 tales
1126 5491 1183 5531 nou
1199 5490 1233 5531 ex
1248 5475 1316 5543 Deo,
1333 5476 1383 5531 aad
1399 5491 1434 5530 ex
1455 5474 1584 5549 maligno
1599 5481 1680 5547 sunt,
1695 5492 1729 5532 ex
1753 5473 1867 5532 mundo

156 5559 241 5621 initio
256 5564 477 5639 properationis
492 5564 629 5637 hujusce,
645 5561 764 5636 quando
778 5562 827 5621 ille
841 5564 982 5636 moendit,
1036 5565 1188 5636 damnato,
1199 5579 1234 5620 ex
1249 5564 1362 5622 mundo
1374 5563 1406 5622 in
1421 5563 1552 5642 malim
1565 5565 1672 5641 posito.
1688 5563 1805 5624 Primus
1832 5580 1867 5622 eo
