3826 6014
111 212 140 275 ii
442 205 648 271 ΟΟΜΜΕΝΤ.
671 207 715 271 ΙΝ
738 208 793 270 xit
815 205 963 272 PROPH.
987 208 1069 273 ttlti.
1091 210 1255 275 PROLOG.
1279 209 1318 274 ΙΝ
1340 213 1451 277 OSDD.
1765 221 1805 285 lt

57 347 70 411 :i
112 352 184 431 quasi
195 363 231 407 er
245 364 297 408 ore
309 353 338 407 et
364 349 582 407 vaticinatione
603 361 660 406 sua
672 344 851 426 illaqueatus
864 353 917 418 est,
933 344 963 415 A
979 359 1077 410 terras
1092 346 1270 410 Divinitati's
1292 350 1444 429 mysteria.
1463 351 1564 430 lqitur
1578 372 1642 416 cum
1666 353 1742 417 dicit
1755 358 1805 420 liic

57 428 72 489 ἱι
114 427 178 512 quud
192 437 301 488 sanctu
325 427 425 504 teqiet
453 432 514 508 ipsi
536 423 670 489 Domino
693 430 849 488 contraria
872 424 922 486 di·
976 449 1053 493 unus
1067 447 1104 492 ec
1119 428 1191 502 iltis,
1214 436 1341 509 princes,
1358 440 1392 491 ut
1402 431 1471 511 jom
1486 438 1598 496 deorum
1622 446 1676 501 eie,
1704 436 1736 497 in
1752 459 1801 497 ογ.

57 506 72 585 i
114 529 166 572 cere
185 512 424 589 praesumpsisset,
453 506 614 568 scribendo
641 526 672 567 se
697 504 859 569 Dominum
884 505 927 567 vi·
976 511 1044 573 dinc
1067 509 1280 591 propinarem
1305 511 1479 573 duodecim:
1504 515 1578 586 Ooii
1606 518 1742 596 sessioni.
1771 527 1802 581 et

68 590 73 623 ⁵
114 590 182 658 disse,
197 608 260 649 cum
282 589 427 650 Dominus
450 589 576 649 divisset
588 607 619 647 se
647 606 705 648 nen
727 607 811 680 posse
825 585 926 648 videri
975 591 1130 668 intelliget
1145 591 1433 669 istniinteiiigens,
1455 601 1486 654 et
1502 597 1577 656 sciet
1602 597 1800 677 naeertoie.

115 671 145 732 ei
155 671 283 742 iaiui'ne;
309 680 400 749 etque
414 678 458 730 ita
486 667 586 728 tabita
604 666 694 750 quasi
716 665 835 747 purlicia
857 686 925 727 coo·
975 673 1043 751 xiv)
1057 680 1147 754 otque
1162 668 1217 731 lioe
1230 671 1327 732 dicens
1342 675 1500 750 manifeste
1522 695 1620 736 sensus
1632 679 1759 740 occultos
1773 692 1802 742 et

115 756 251 813 demnoissi
263 759 315 810 est.
341 750 478 831 Denique
498 747 535 810 ab
559 748 612 810 inc
632 745 720 810 illum
761 744 924 809 Hebreia
975 752 1123 814 intellectu
1138 751 1283 832 difficiles
1306 758 1337 813 in
1354 759 1455 813 littera
1475 759 1664 833 oenr'qmntica
1684 777 1742 820 sese
1755 768 1801 821 si-

109 841 163 920 jau
176 840 253 901 dieto
268 837 361 916 ipsius
375 856 483 915 qenera
499 837 635 900 ,llonosse
648 847 761 899 sectum
775 856 837 898 esse
851 855 924 914 per·
974 860 1080 923 qnasse
1102 841 1273 921 confirmat,
1298 853 1379 902 recte
1400 861 1458 901 non
1480 847 1635 921 quiiicatur
1657 855 1801 927 tauquam

115 919 210 980 iiient.
228 919 307 997 Quid
312 929 407 1000 putas
419 916 468 979 illi
475 918 616 979 evenisset
627 919 666 986 si,
678 918 923 1000 quemadmodum
975 920 1103 993 invidus,
1119 929 1170 982 sed
1183 922 1348 982 liorem-atur
1358 934 1499 1005 tanquam
1512 927 1666 1006 providus.
1686 927 1802 1010 (tiiiupe

67 1004 71 1009 '
114 1002 235 1062 diceret:
255 1000 323 1062 viai
339 999 504 1060 Dominum
521 1001 683 1061 sedentem
700 1019 794 1077 svper
808 999 922 1060 solium
973 1005 1029 1098 qui
1042 1003 1149 1064 lanum
1165 1001 1334 1063 thesaurum
1348 1010 1462 1079 frituris
1475 1008 1585 1079 qrutiae
1598 1006 1802 1071 conuentibus

115 1081 252 1142 excelsum
275 1089 307 1143 st
320 1081 490 1151 eleretvm,
514 1084 560 1139 itu
583 1079 675 1142 etiam
699 1078 777 1140 nuda
790 1097 925 1140 sermone
974 1104 1006 1146 sn
1021 1094 1083 1145 tuto
1097 1092 1239 1163 reposuit,
1261 1086 1371 1144 clavim
1396 1083 1446 1144 itti
1459 1085 1664 1169 derelinquens
1684 1090 1801 1152 cuide-

114 1172 218 1231 d'tcisset
232 1167 378 1252 quomado
399 1166 445 1230 vel
456 1167 661 1249 quaiioriline
685 1169 762 1229 idem
779 1169 924 1230 Dominus
973 1175 1103 1256 reliquit
1115 1171 1228 1242 David,
1243 1172 1299 1253 qui
1311 1171 1447 1233 Pialmos
1465 1173 1661 1236 niliilomious
1684 1176 1801 1241 clausos

114 1250 144 1312 tl
156 1250 220 1328 ltili
239 1252 353 1312 tollat)
371 1250 592 1331 mtlfiomtltts
614 1261 642 1312 tl
656 1259 726 1311 tunc
749 1250 864 1310 limem
879 1268 925 1310 rt·
973 1253 1159 1335 conscripsit,
1176 1263 1206 1313 ut
1217 1257 1349 1331 aperiret
1365 1251 1426 1334 ipse
1444 1253 1553 1335 quibus
1580 1259 1665 1319 vellet
1688 1261 1721 1318 in
1733 1258 1801 1340 ple-

110 1331 237 1410 surqendo
250 1349 290 1392 ec
312 1331 435 1392 mortuis
460 1332 491 1391 in
520 1328 600 1390 illud
622 1333 770 1393 excelsum
788 1339 924 1410 paternas
973 1337 1110 1396 nitudine
1125 1338 1277 1413 temporis.
1292 1331 1456 1396 llndeetin
1486 1336 1654 1417 ipocutypic'
1665 1339 1799 1402 Sani-tus

110 1411 220 1474 desiere
235 1412 344 1473 talium
367 1419 439 1472 mel
463 1410 656 1472 elevandis?
680 1409 837 1474 Nimirum
861 1429 923 1471 two
973 1425 1005 1478 ei
1019 1416 1117 1478 Verus
1131 1412 1486 1475 aiciiurtateuetuvim
1503 1418 1613 1488 David,
1629 1421 1800 1500 qvieperit

112 1511 305 1582 respectasient
320 1501 420 1561 illisit
439 1499 545 1561 sallem
566 1518 633 1562 atim
650 1499 771 1579 judicio
786 1498 923 1561 condem·
973 1512 1005 1568 et
1018 1523 1112 1567 nemo
1126 1502 1266 1575 claudit3
1283 1502 1414 1574 claudit,
1431 1512 1461 1565 et
1473 1523 1565 1567 nemo
1577 1508 1679 1586 aperit
1691 1514 1797 1581 (Aiioc.

112 1593 209 1656 nerent,
224 1582 276 1643 sed
294 1580 374 1643 sicut
395 1579 433 1641 D.
455 1590 682 1661 protomartyre
705 1582 862 1659 Stephano
877 1581 923 1641 di-
972 1588 1040 1667 ιιι);
1069 1586 1199 1666 dicitque
1221 1581 1328 1662 anpelo
1359 1583 1602 1667 Philadeipiiu:
1624 1588 1703 1650 Ecce
1726 1591 1801 1652 dedi
1908 1598 1912 1607 “

111 1673 198 1724 cion:
226 1665 302 1724 Eece
319 1663 411 1722 video
425 1662 523 1722 coeios
537 1670 665 1736 epertiis
688 1668 721 1722 et
736 1661 849 1722 Filium
867 1662 921 1721 ho·
973 1669 1088 1729 ostium
1105 1672 1248 1744 opertum
1273 1681 1381 1725 eorem
1406 1671 1447 1737 te,
1466 1667 1553 1744 quod
1578 1688 1672 1730 tiemo
1697 1678 1800 1749 potest

111 1745 189 1804 minis
208 1751 342 1804 stentem
359 1761 378 1804 e
393 1743 511 1803 dextris
526 1742 651 1803 virtutis
670 1740 726 1803 Dei
753 1741 836 1819 (Act.
855 1740 918 1821 vii),
934 1717 960 1784 Β
974 1754 1099 1810 cievere
1114 1744 1229 1825 (ibid).
1257 1743 1321 1824 lpse
1340 1744 1424 1804 nobis
1448 1745 1569 1824 aperire
1591 1749 1734 1827 dippemr
1752 1770 1800 1812 02.

108 1824 260 1906 quietique
273 1822 440 1905 cruciferi
452 1833 554 1899 fuerat
568 1822 607 1884 ab
629 1821 703 1896 illio,
729 1841 788 1882 noo
802 1840 920 1903 exspec-
975 1833 1047 1889 tium
1063 1824 1279 1898 inteiliqentiae,
1291 1842 1346 1905 per
1360 1825 1440 1904 quod
1451 1832 1569 1906 priores
1583 1838 1611 1888 et
1626 1827 1735 1891 Patres
1749 1851 1802 1892 no·

107 1924 229 1974 liverii!
242 1922 276 1974 “l
287 1911 658 1993 perapereturjudicium,
680 1910 731 1973 3θᾶ
744 1912 920 1973 “climate
972 1929 1059 1986 stras,
1087 1913 1230 1977 uectum
1253 1919 1424 1992 maqistros,
1450 1913 1639 1978 introducere
1660 1917 1800 1997 diquotus

107 2000 143 2054 tes
156 1995 375 2055 continuerunt
399 2011 493 2053 eures
513 2012 598 2061 sues,
615 2001 647 2054 et
671 1992 825 2072 impetum
842 1991 921 2053 ieae-
972 2008 1024 2070 est,
1041 2007 1075 2058 ut
1089 2015 1143 2056 nos
1157 2013 1272 2077 quoque
1286 2012 1351 2054 cum
1367 1992 1430 2054 illis
1445 1993 1543 2057 videre
1557 2016 1702 2079 queamus
1712 2000 1796 2080 quid,

105 2087 170 2134 rent
184 2075 372 2136 unanimiter
395 2076 426 2133 in
447 2090 520 2133 eum
537 2072 653 2154 (ibid),
669 2075 714 2134 ita
739 2077 921 2133 insanientes
972 2076 1091 2161 quando
1106 2076 1153 2139 uel
1166 2072 1312 2155 quomado
1325 2076 1433 2154 fecerit
1448 2074 1538 2148 Deus,
1560 2095 1620 2159 per
1633 2079 1714 2160 quod
1726 2086 1800 2143 assi·

105 2165 232 2238 tanquam
245 2175 302 2237 pro
316 2154 378 2216 zela
394 2153 516 2216 Domini
538 2154 664 2230 fortiter
690 2156 918 2225 conclamantes,
972 2159 1094 2221 milatus
1106 2159 1145 2218 sit
1160 2160 1192 2217 in
1206 2174 1296 2216 manu
1313 2156 1466 2237 propterte
1480 2156 1580 2238 liujus,
1605 2159 1694 2221 semel
1704 2171 1733 2221 et
1746 2163 1800 2224 ite-

103 2244 185 2304 simul
197 2245 355 2306 irruissent
371 2243 402 2303 in
424 2261 502 2304 eum.
518 2241 582 2305 Nec
596 2261 665 2306 aero
688 2251 803 2304 tantum
816 2240 920 2305 desua
971 2269 1041 2311 rum
1056 2268 1091 2310 ac
1101 2247 1192 2308 tertio
1206 2244 1249 2306 ad
1268 2242 1421 2306 mulierem
1435 2249 1635 2323 fornicariam
1659 2249 1787 2313 araeden

103 2339 187 2387 riorte
219 2325 343 2387 solliciti
380 2323 589 2404 formidabant
626 2342 664 2385 at
700 2322 916 2398 estildtune.
970 2336 1020 2405 tis,
1036 2339 1115 2392 etee
1136 2345 1171 2389 ea
1195 2326 1271 2386 etuas
1288 2323 1372 2404 filios
1393 2334 1424 2386 et
1448 2325 1545 2408 filiam
1568 2331 1749 2408 qenerantis,
1766 2342 1797 2395 ct

100 2426 230 2485 qiiamiie
247 2424 339 2467 sacru
361 2402 611 2485 periclitarentur
634 2404 741 2465 littere
762 2413 790 2464 et
815 2402 850 2465 de
865 2401 919 2464 lio·
968 2419 1035 2496 post
1060 2408 1122 2470 hoec
1147 2404 1247 2470 adliuc
1274 2407 1431 2467 mutierem
1454 2405 1622 2471 adulteram
1645 2410 1791 2475 adeuntis.

101 2495 206 2556 minum
231 2494 372 2556 memoria
396 2495 585 2555 tollerentur.
606 2492 730 2554 Etenim
752 2512 833 2554 nunc
847 2500 919 2572 qui·
970 2491 1054 2555 Nam
1080 2487 1161 2571 quot
1183 2484 1245 2547 isc
1269 2485 1300 2545 in
1323 2484 1550 2549 similitudinem
1573 2490 1622 2550 sui
1640 2490 1790 2573 propheta

102 2577 168 2642 dein.
184 2596 247 2637 curn
261 2575 302 2639 ali
312 2573 384 2639 aliis
391 2572 546 2656 proplietae
559 2575 778 2647 occiderentur,
793 2573 832 2635 ab
846 2572 920 2639 aliis
970 2579 1071 2652 facere
1084 2576 1123 2631 sit
1135 2568 1249 2650 jussus,
1274 2570 1336 2647 ipse
1357 2574 1481 2629 testatur
1499 2569 1555 2651 qui
1569 2575 1602 2630 in
1626 2569 1681 2633 icoc
1694 2573 1793 2636 eodem

100 2658 265 2735 proplieti'ce
281 2655 389 2719 tinere
412 2653 652 2728 custoilirentur;
672 2662 742 2715 tunc
765 2664 875 2727 autem,
890 2666 918 2723 si
971 2657 1124 2736 loquitur:
1148 2650 1184 2710 Ei
1206 2646 1331 2708 locutus
1353 2665 1422 2709 snm
1438 2656 1535 2728 sv‘per
1556 2652 1738 2731 prophetas,
1764 2661 1795 2717 et

57 2812 59 2817 ,
106 2755 211 2806 tontum
237 2744 327 2806 scelus
357 2746 490 2828 tantique
515 2742 633 2805 sceleris
653 2761 772 2824 poennm
805 2741 918 2806 tuden
969 2760 1029 2823 ego
1042 2740 1195 2805 visionem
1212 2735 1432 2815 multiplicavi,
1448 2744 1479 2797 et
1500 2737 1532 2798 in
1549 2742 1793 2821 manuprophe·

57 2848 59 2861 ·
102 2826 376 2902 eventurumpolam
396 2827 597 2892 enuntiarent,
614 2842 801 2906 nequaquam
826 2833 918 2884 custo·
968 2830 1074 2885 terum
1098 2817 1371 2882 assimiletuseum
1398 2815 1478 2895 (Ose.
1494 2819 1561 2898 ιιι).
1587 2818 1793 2885 Namcumet

57 2884 61 2923 ¹
104 2908 239 2968 diruitur.
259 2908 528 2984 Eeemqiiiqrotis:
543 2904 662 2986 quaudo
677 2905 769 2967 verta
783 2903 915 2975 Domini,
969 2902 1053 2965 iliud
1065 2920 1124 2962 non
1147 2898 1199 2960 obs
1222 2914 1255 2957 re
1276 2905 1320 2957 est
1360 2915 1483 2967 uerrere,
1498 2910 1615 2960 sanctas
1635 2901 1704 2962 istos
1715 2922 1792 2984 pro·

104 3007 160 3065 qun
182 2987 301 3048 Borucli
327 2985 425 3048 scriba
448 3004 487 3046 ec
508 3003 559 3046 ore
580 2984 717 3047 teremin
744 2987 914 3065 scripserat,
967 2983 1073 3070 phetas
1085 2980 1150 3042 suis
1164 2980 1195 3040 in
1209 2916 1388 3058 temporilus
1404 2987 1464 3040 tem
1484 2997 1598 3055 exosos,
1614 2990 1647 3040 ut
1656 2981 1794 3066 plerique

57 3110 59 3117 ·
105 3075 328 3140 mecamiussit.
342 3074 480 3138 scindens
498 3073 635 3135 columen
646 3072 788 3159 scalpello
810 3073 1003 3155 scribaecec
1023 3078 1066 3135 eis
1088 3067 1251 3134 crudeliter
1275 3068 1428 3146 interfecti
1447 3068 1519 3142 sint,
1542 3089 1607 3152 que
1631 3090 1721 3134 causa
1747 3092 1795 3136 eos

106 3169 128 3214 et
139 3158 289 3238 projiciens
312 3157 345 3217 in
368 3163 480 3236 iqnem,
505 3157 662 3217 Dinattan
681 3165 709 3216 et
733 3153 871 3229 Daleias,
888 3164 917 3217 et
970 3152 1147 3233 defenderit,
1167 3159 1196 3211 et
1221 3156 1336 3209 tantum
1357 3149 1443 3228 qenti
1455 3149 1511 3223 illi,
1537 3153 1672 3232 quamvis
1692 3172 1797 3233 pecca·

109 3237 279 3299 morticini
293 3237 544 3300 contradicerent
556 3241 633 3316 reqi,
658 3234 727 3297 licet
739 3254 799 3298 non
812 3234 917 3297 audie-
972 3237 1053 3306 triei,
1068 3227 1329 3302 commendaverit,
1354 3238 1386 3289 ut
1401 3226 1513 3291 litteras
1531 3250 1632 3293 eorum
1648 3231 1679 3294 in
1694 3234 1794 3297 eadem

109 3323 147 3376 rit
158 3339 195 3379 ees
207 3320 285 3398 (ter.
306 3317 427 3393 xxxvi).
452 3316 594 3393 Profecto
616 3320 692 3378 siea
715 3315 835 3398 quade
846 3334 915 3395 pas·
969 3319 1112 3398 receperit
1132 3317 1217 3393 apice
1240 3309 1391 3372 canonicos
1414 3314 1612 3386 auctoritatis,
1635 3319 1668 3374 io
1690 3326 1797 3395 quaet

108 3403 175 3458 sione
188 3401 307 3460 Domini
328 3408 357 3460 et
378 3399 416 3460 de
437 3400 544 3477 futura
567 3395 755 3458 subversione
779 3394 915 3458 civitatis
969 3404 1065 3482 ipsam
1082 3394 1174 3474 leqem
1196 3388 1323 3473 Moysi?
1342 3389 1429 3465 Ducat
1443 3391 1606 3472 siquoerts,
1628 3406 1795 3476 opportune

111 3490 232 3631 totiusque
243 3497 353 3574 qentis,
368 3508 435 3572 quer
458 3498 587 3571 propter
610 3486 696 3549 illam
707 3489 821 3568 futura
834 3497 914 3565 erat,
968 3485 1162 3569 respondetur
1178 3487 1251 3566 quia
1265 3499 1331 3574 vere
1359 3480 1501 3560 diqnitati
1523 3484 1647 3546 illorum
1661 3486 1797 3553 subvenis

111 3572 186 3630 seoo'e
203 3583 240 3643 at,
263 3575 344 3634 idem
369 3569 515 3632 ieremias
540 3567 710 3649 manifestis
738 3577 764 3630 et
787 3568 874 3630 rebus
888 3578 917 3630 et
969 3566 1135 3633 auctoritas
1158 3574 1187 3625 et
1201 3563 1359 3645 judicium
1385 3573 1493 3624 sancte
1516 3573 1545 3624 et
1564 3567 1699 3644 providos
1723 3566 1797 3648 lepis

112 3653 255 3712 nominibus
275 3651 508 3730 conscripsisset,
533 3668 593 3709 non
615 3648 701 3711 modo
724 3669 783 3711 non
806 3651 914 3732 prolui·
968 3647 1103 3715 Domini.
1132 3647 1262 3706 Diceret
1285 3661 1412 3724 namque
1434 3643 1591 3719 Dominus,
1613 3649 1688 3708 sicut
1708 3648 1797 3714 liniet

114 3737 366 3804 ivissentoolumen
380 3738 459 3801 iliud
468 3738 567 3801 scindi
578 3738 639 3800 sive
652 3737 799 3811 comburi,
815 3757 915 3800 oerum
969 3738 1003 3792 in
1024 3729 1100 3790 libro
1131 3724 1372 3786 Deuteronomii:
1403 3724 1563 3802 Propheta
1590 3735 1695 3788 eutem
1726 3730 1797 3808 qui,

113 3829 187 3881 etiam
208 3832 233 3883 et
259 3829 432 3883 universam
458 3820 549 3893 illius,
584 3839 646 3902 qua
670 3837 749 3881 nunc
780 3820 915 3881 ecclesia
969 3813 1364 3897 errvgentiedeprevetvs,
1382 3810 1515 3873 volverit
1526 3812 1613 3891 loqui
1624 3814 1654 3873 in
1668 3818 1795 3878 nomine

113 3898 348 3980 Ciroiifruitus‚
363 3899 778 3983 Scripturomproptieticam
790 3900 915 3979 perdere
969 3917 1040 3961 meo
1059 3913 1131 3976 qne
1154 3911 1213 3973 ega
1237 3910 1302 3953 non
1327 3909 1455 3970 precipe
1478 3893 1572 3954 nnuc
1596 3894 1724 3968 diceret,
1741 3903 1797 3959 eut

109 3988 291 4059 festinassent;
313 3983 409 4065 ipsum
431 4000 548 4064 quaque
565 4000 626 4042 non
640 3990 755 4042 tantum
768 3979 916 4042 misissent
969 3999 1008 4042 ex
1024 3977 1148 4040 nomine
1161 3978 1292 4066 deornm
1309 3973 1456 4042 eliorum,
1473 3974 1689 4037 interficietur.
1705 3978 1796 4052 Ouod

110 4072 245 4147 tolosum,
267 4075 378 4152 utinm
401 4077 545 4148 fecerant,
571 4077 778 4133 verumetiam
803 4069 916 4132 auspi.
969 4062 995 4122 si
1023 4058 1118 4121 tacite
1154 4054 1346 4134 cogitatione
1375 4056 1593 4133 responderis:
1628 4057 1793 4130 Quomodo

108 4172 168 4213 viiio
180 4156 241 4234 iqui
253 4153 453 4225 tradidissent,
464 4162 519 4213 aut
531 4152 594 4214 alia
609 4150 737 4234 quolibet
749 4153 834 4213 morlo
848 4171 916 4213 cru·
969 4167 1099 4229 possum
1113 4145 1288 4224 intelligere
1309 4143 1439 4205 verbum
1455 4145 1539 4225 quod
1565 4165 1628 4207 non
1643 4159 1689 4209 est
1705 4148 1793 4211 lvce-

107 4232 201 4295 deliter
211 4235 397 4296 occidissent.
420 4232 706 4314 contemperandum
730 4233 832 4311 itaque
845 4242 916 4294 tuuc
969 4238 1020 4293 tus
1042 4223 1223 4292 Dominus?
1240 4224 1308 4319 'hoa
1333 4225 1619 4318 habebisusignum,
1646 4229 1731 4309 qvod
1762 4230 1794 4291 in

105 4326 167 4375 erat
189 4317 322 4397 tempori,
350 4323 495 4397 quatenus
521 4323 550 4375 et
578 4312 761 4392 Scripturas
784 4314 916 4375 veritatis
970 4310 1098 4374 nomine
1126 4306 1249 4368 Domini
1280 4306 1434 4382 prophete
1465 4307 1517 4367 iiie
1543 4309 1732 4384 iii-edixerit,
1762 4316 1794 4372 et

104 4408 232 4483 Spe-um
248 4415 368 4467 iamque
391 4400 538 4470 conderet,
553 4409 585 4463 ee
607 4412 704 4464 tomen
729 4400 842 4464 veritae
856 4420 915 4463 non
969 4411 1032 4454 non
1047 4388 1198 4465 evenerit,
1217 4387 1276 4446 hoc
1286 4386 1438 4445 Dominus
1454 4403 1515 4446 non
1530 4397 1576 4449 est
1590 4391 1723 4461 locutus,
1740 4391 1795 4452 sed

103 4503 298 4568 usquequaque
325 4483 497 4546 damnosum
522 4485 654 4544 venturis
676 4480 790 4544 suculis
812 4482 914 4543 adium
930 4465 953 4532 D
970 4500 1026 4561 per
1040 4487 1196 4541 tumorem
1218 4473 1316 4567 enimi
1338 4472 1387 4533 evi
1403 4474 1559 4552 prophete
1585 4478 1750 4548 confinxit,
1767 4485 1799 4541 ei

100 4567 159 4627 siti
272 4567 435 4632 t.Sienim
450 4561 916 4628 GlsristusDeiFiliusinPsal·
967 4561 1084 4624 idcireo
1102 4576 1163 4618 non
1180 4555 1305 4615 timebis
1321 4572 1392 4614 evm
1408 4552 1510 4635 (Deut.
1528 4557 1626 4637 xviii).
1646 4564 1720 4624 Cum
1736 4560 1798 4621 lime

101 4665 150 4708 mo
162 4587 306 4727 ᾄξεις
325 4647 405 4708 Deus
419 4643 558 4707 ostendit
569 4643 646 4704 mihi
661 4662 757 4722 svper
771 4643 915 4706 inimicos
968 4642 1041 4703 dicit
1050 4639 1141 4720 justa
1154 4644 1183 4697 et
1195 4633 1425 4728 irrefraqalilis
1449 4641 1473 4696 e
1497 4639 1556 4710 lec,
1573 4657 1644 4718 erqo
1663 4650 1794 4714 econtra,

100 4733 467 4806 meanneaecidsseos,
483 4731 666 4813 nequando
688 4730 915 4794 obliviscentur
968 4721 1050 4806 quod
1067 4722 1099 4781 lo
1121 4722 1241 4778 nomine
1262 4713 1382 4776 Domini
1394 4715 1543 4796 proptera
1565 4721 1751 4798 predicerit,
1768 4732 1801 4785 et

97 4816 207 4897 popuii
233 4816 303 4878 mei.
320 4813 470 4896 Disperge
482 4812 556 4875 illos
569 4812 601 4874 in
616 4815 733 4874 virtvte
745 4819 800 4874 tva
815 4811 914 4894 (Psol.
969 4811 1110 4883 evenerit,
1127 4809 1181 4870 liec
1197 4806 1344 4870 Dominus
1358 4817 1401 4867 est
1416 4807 1538 4878 locotus,
1555 4810 1667 4872 idcirco
1683 4811 1802 4872 timebis

98 4897 193 4978 uerit),
208 4915 261 4959 cur
274 4914 336 4957 non
349 4904 376 4956 et
398 4893 553 4977 prophetis
568 4893 683 4956 Giristi
696 4899 854 4956 conveniat
872 4893 919 4952 di·
970 4914 1048 4957 eum.
1064 4891 1167 4954 Porro
1185 4893 1283 4949 sancti
1304 4884 1457 4968 prophetoe
1481 4894 1544 4968 isti,
1561 4910 1626 4952 cum
1647 4899 1801 4953 mitteren-

97 4996 180 5041 ccre:
198 4976 276 5040 Deus
295 4974 422 5038 ostendit
447 4974 531 5036 nitu
547 4993 638 5057 super
659 4976 866 5053 fornicatrices
880 4978 917 5034 is·
972 4984 1023 5037 tur
1036 4973 1077 5035 ad
1088 4968 1352 5052 prenunti'audum
1376 4969 1412 5029 de
1424 4970 1591 5052 lonqinquo
1616 4972 1734 5036 Cir-isti
1747 4971 1801 5035 od·

98 5070 152 5135 toi,
168 5058 282 5122 oollam
296 5067 389 5139 atque
403 5054 688 5138 Oaii'bam,quarum
703 5054 797 5116 altera
810 5059 920 5121 Sema-
974 5064 1101 5126 ventum,
1116 5048 1206 5112 simul
1227 5054 1317 5108 etiam
1334 5047 1369 5109 de
1387 5057 1557 5130 propinquo
1578 5053 1678 5115 dorum
1695 5055 1742 5117 vet
1756 5058 1799 5115 m.

97 5139 157 5212 ria,
186 5141 285 5201 ottera
315 5146 358 5198 est
388 5135 575 5200 Hierusalem
603 5133 726 5210 (Esecli.
756 5134 857 5215 xxiii),
884 5152 921 5195 ne
971 5138 1105 5216 junctum
1128 5140 1172 5194 est
1194 5128 1256 5190 illis
1278 5130 1459 5210 proplietam
1481 5130 1558 5192 titud
1581 5136 1611 5195 io
1635 5138 1800 5215 quociens

96 5235 190 5290 nimis
211 5227 391 5309 eeasperetis
418 5243 479 5296 eas,
508 5244 544 5287 ne
570 5224 690 5307 quando
705 5223 921 5286 obliviscantur
974 5234 1092 5279 veraces
1106 5208 1296 5289 comprobor-i
1315 5221 1442 5289 possent,
1467 5213 1578 5273 scilicet
1600 5218 1801 5278 inuuioeutim

94 5313 162 5379 nisi,
177 5315 240 5370 siae
263 5310 470 5380 ionorantiaoc
494 5306 554 5370 Dei
570 5325 685 5386 semper
706 5304 921 5367 liabeantveo·
975 5305 1014 5368 ab
1029 5303 1164 5384 Assyriis
1180 5297 1288 5360 Israeli
1311 5301 1524 5379 copmu'tutem,
1551 5310 1675 5386 ieruqm
1691 5310 1802 5367 immn-

95 5389 415 5472 turipopuli3siistoe
441 5385 619 5466 Scrt‘pitit'tis
634 5387 764 5478 recipere
786 5396 923 5447 auleon-
977 5397 1033 5448 lem
1056 5385 1143 5446 Jttilae
1165 5399 1281 5461 qtioqtte
1311 5380 1470 5458 littlrutfani's
1494 5390 1800 5463 troniuiiqinti'onim,

94 5491 214 5536 servare
243 5470 402 5541 voluerint,
428 5468 551 5531 utimini
582 5465 755 5529 discretione
779 5471 920 5548 provida,
977 5477 1007 5530 et
1019 5476 1164 5546 preterea
1188 5459 1330 5521 nonrmtlu
1354 5461 1442 5522 etium
1458 5484 1590 5538 rumore,
1610 5487 1675 5547 qun>
1698 5469 1803 5528 titteris

94 5551 237 5619 multato
249 5549 419 5632 subfiquris
429 5559 456 5611 et
470 5547 678 5631 sniqmatiaus
689 5547 868 5613 demersurus
878 5544 925 5628 ,ud
978 5566 1080 5612 eorum
1095 5549 1219 5626 teqimus
1234 5546 1358 5604 inserta.
1377 5547 1452 5606 Cum
1468 5544 1568 5626 iqitur
1590 5554 1648 5608 cito
1662 5552 1804 5608 evmisset
