3826 6014
87 210 167 275 isos
606 207 814 285 GOMMENT.
838 211 875 275 iti
898 208 1049 293 thh'l'l'dl.
1071 240 1111 257 ·-
1131 207 1210 275 ΠΒ.
1232 208 1284 296 ΧΙ.
1714 208 1794 275 thid

87 345 247 418 metipsum
264 350 339 402 Deus
355 346 392 402 de
405 344 477 402 colo
489 345 908 418 venienspredicnreourevit,
923 350 951 419 Α
966 361 1024 403 οοιι
1039 344 1147 403 occidit
1164 344 1326 418 gignntem,
1351 348 1381 401 et
1399 343 1524 401 abstulit
1546 342 1737 418 opprobrium
1759 343 1791 405 in

89 435 290 509 sicincipiens
310 434 502 511 Evsngelium
525 452 614 493 suum
638 452 646 492 ε
670 458 685 488 «
711 436 915 494 Ponitentium
968 435 1079 493 lsrael?
1093 436 1234 493 contrivit
1247 434 1384 493 inimicos
1400 434 1541 507 undique,
1550 434 1792 491 etooutrivitcor·

88 525 177 599 egito,
192 523 800 598 appropinquabiteuimrognumooelorum
811 526 915 598 (tarn.
968 543 1008 584 nu
1024 526 1168 598 ipsorum,
1186 542 1279 599 usquo
1293 530 1322 581 et
1338 524 1367 581 in
1383 530 1525 581 eternum
1546 523 1577 581 in
1602 524 1683 581 ornni
1705 540 1792 596 opere

88 615 140 685 iv).
157 614 271 671 »lilius
287 621 332 671 est
348 613 523 685 poeuiteutis
539 615 656 683 modus,
673 613 722 671 ubi
743 632 833 672 oense
856 633 916 689 pus·
967 616 1163 688 (Decianus).
1181 638 1195 667 u
1213 616 1253 672 De
1269 614 1462 673 similitudine
1477 630 1595 687 quoque
1611 611 1693 669 lueiei
1709 611 1792 671 vituli

89 704 243 763 nitentiarn
260 702 365 776 egendi
381 708 436 773 est,
453 720 536 759 amor
551 704 705 776 presentis
728 704 839 771 seculi,
863 722 915 778 pro
968 704 1129 779 plurimum
1145 705 1262 772 hahuit,
1277 704 1348 777 quia
1362 703 1497 761 videlieet
1519 702 1620 759 multis
1641 700 1792 759 laboribus

89 810 149 867 que
162 792 301 848 videlicet
316 792 804 866 ceusepoenitentiemegitimpius
815 795 917 852 hchnb
967 795 1102 851 eruditus
1118 794 1183 861 luit,
1199 799 1229 850 et
1255 793 1354 849 inuitis
1380 792 1618 849 tribulationibus
1642 791 1792 863 passiones

92 887 128 939 de
154 882 298 954 sanguine
322 881 437 938 Nehoth
462 881 612 951 lsraelite,
642 882 782 940 scindens
804 894 914 942 vestem
966 883 1073 941 Christi
1087 883 1284 957 presignavit.
1302 882 1384 939 Unde
1395 887 1424 939 et
1437 882 1515 939 sicot
1528 881 1628 939 itidem
1643 879 1793 953 Sapientia

90 988 187 1042 suam,
203 971 397 1044 jejunansque
412 988 446 1028 so
456 971 606 1029 dormiens
622 971 650 1027 in
666 988 760 1038 succo,
773 974 916 1030 stambu·
967 980 1091 1031 testetur
1106 991 1113 1030 :
1131 996 1144 1025 ι
1160 973 1294 1030 Christus
1310 974 1444 1046 purgavit
1455 969 1793 1045 pecenlaipsiusetexul·

89 1062 160 1120 lens
174 1060 302 1117 demisso
318 1060 413 1132 cupite
429 1062 481 1132 (ΙΙΙ
491 1065 561 1135 liep.
582 1060 653 1135 xri).
669 1061 726 1117 Pro
748 1078 838 1121 oeuss
862 1063 915 1120 heo
968 1061 1036 1118 iuvit
1052 1061 1081 1117 in
1097 1068 1238 1119 eternum
1256 1077 1345 1117 cornu
1362 1061 1427 1131 ejus
1441 1060 1544 1133 (iiiut.
1561 1058 1791 1117 »Nihilominus

94 1154 123 1206 et
134 1146 385 1221 Sodomite,Tyrii
399 1165 433 1205 ao
444 1147 563 1219 Sydouii
572 1149 774 1221 poenitentiam
785 1152 915 1220 egissent
968 1149 1039 1207 illud
1056 1149 1181 1207 multum
1197 1147 1792 1221 eltinetndinsiemequiloerolentis,qnod

88 1236 337 1311 quemadmodum
355 1237 494 1294 Dominus
508 1236 579 1293 dicit
594 1254 601 1294 :
618 1260 633 1289 ιι
650 1238 723 1303 Ouia
737 1240 762 1295 si
779 1239 807 1293 in
823 1240 914 1297 Sodo·
968 1239 1143 1313 propheticas
1157 1240 1257 1311 grutiue
1271 1239 1364 1296 oeulis
1380 1236 1792 1297 mirubiliteretviditetceci·

90 1326 147 1383 mis
163 1325 491 1382 lecteessentvirtutes
505 1326 663 1397 quesnois
683 1325 797 1383 suntin
820 1328 914 1397 vobis,
967 1328 1010 1384 nit
1023 1331 1209 1385 sacramento
1224 1326 1364 1393 omlestie,
1380 1327 1512 1397 ejusdem
1520 1323 1792 1385 Christisessurlad

92 1413 273 1472 oCororaim
289 1418 317 1470 et
333 1413 496 1485 Detbssida,
520 1413 590 1470 olim
604 1414 634 1470 in
655 1412 749 1471 cilicio
772 1419 803 1471 ot
817 1416 915 1473 einero
966 1419 1094 1475 dextram
1111 1415 1216 1486 Putris,
1231 1416 1313 1485 vidit,
1329 1416 1462 1488 inquom,
1477 1422 1506 1472 et
1526 1414 1641 1473 audivit
1665 1422 1695 1470 ut
1715 1412 1793 1470 inter
1898 1416 1901 1421 '

91 1503 293 1577 poenitentium
306 1503 435 1575 egissent
449 1501 555 1574 (horris.
573 1505 623 1574 xi).
643 1522 656 1556 s
685 1503 725 1560 De
744 1503 914 1574 hujusmodi
966 1513 1071 1563 uetere
1086 1507 1190 1565 referet
1206 1505 1290 1563 nobie
1302 1506 1403 1562 dicens
1419 1521 1426 1562 :
1443 1504 1552 1562 «Dixit
1569 1504 1710 1561 Dominus
1733 1509 1791 1559 Do·

91 1592 165 1649 m
185 1591 367 1664 poenitentis,
384 1590 521 1662 quonium
546 1590 672 1649 sulutem
697 1608 756 1649 non
778 1599 915 1663 operetur
967 1597 1047 1653 mino
1062 1611 1127 1651 meo
1142 1594 1365 1652 sedeedextris
1393 1594 1467 1649 meis
1489 1593 1578 1665 (Psoi.
1602 1593 1669 1665 cra).
1693 1613 1709 1644 s
1732 1591 1792 1649 Suo

89 1682 128 1752 (ll
142 1681 203 1739 Cor.
220 1682 280 1751 vir),
298 1683 374 1736 Deus
390 1695 542 1752 nunquem
557 1696 679 1737 curasse
695 1681 811 1755 iegitur,
829 1682 910 1738 utvel
966 1698 1084 1756 quoque
1099 1681 1220 1739 nomine
1234 1682 1272 1739 ed
1286 1681 1510 1739 similitudinem
1526 1681 1792 1753 seceditinterpre-

89 1786 141 1843 per
154 1769 348 1842 semetipsum
360 1767 404 1825 vel
422 1785 473 1840 per
488 1769 608 1826 nuntios
622 1786 703 1838 suos,
719 1786 784 1833 enm
807 1771 912 1843 predi·
968 1770 1482 1844 teturenimDavidosuoolorts'ssiee
1492 1769 1692 1827 cellerarius.
1704 1772 1792 1827 Porro

87 1874 153 1915 cere
167 1858 350 1931 dignaretur,
366 1863 469 1930 preter
481 1858 559 1931 quod
575 1859 611 1914 ad
623 1858 757 1915 Ninivem
768 1859 913 1918 civitatem
967 1861 1108 1919 hohitoiel
1125 1866 1154 1918 et
1168 1861 1320 1917 nomineet
1330 1860 1593 1917 resimilitudinem
1606 1856 1793 1932 pretulithu-

90 1963 227 2021 magnum
243 1946 326 2004 misit
341 1947 512 2019 prophetem
536 1948 656 2018 ionem,
680 1948 749 2006 licet
775 1966 827 2007 nec
851 1968 914 2024 pre·
965 1952 1028 2023 jus,
1042 1952 1077 2009 de
1092 1966 1151 2023 quo
1163 1967 1242 2008 nunc
1257 1966 1354 2007 οοιιιιο
1369 1954 1424 2021 est,
1437 1950 1522 2006 tune
1539 1949 1592 2006 dlii
1607 1946 1792 2023 perditionis.

91 2036 244 2092 nitentium
261 2036 300 2091 ihi
326 2034 534 2108 praedicaverit,
559 2043 611 2093 eut
634 2038 791 2111 predicare
808 2041 914 2109 J'ussus
969 2039 1111 2096 tohitoiel
1127 2039 1236 2111 quippe
1252 2040 1461 2110 interpretetur
1480 2041 1568 2109 (ruer
1591 2054 1668 2095 meus
1689 2040 1793 2093 eodm

90 2125 189 2190 luerit,
206 2124 257 2181 sed
272 2124 327 2180 hoc
342 2132 468 2193 tantum,
486 2125 618 2181 «Adhuc
629 2126 827 2200 quadreginte
839 2130 913 2200 dios,
968 2129 1030 2186 sive
1043 2130 1161 2185 irruens.
1179 2128 1214 2184 lit
1228 2127 1306 2184 sicut
1321 2128 1368 2183 ills
1381 2128 1471 2185 voluit
1486 2134 1515 2183 et
1530 2127 1558 2182 in
1576 2144 1610 2184 eo
1624 2126 1751 2183 intendit
1761 2130 1795 2183 ut
1893 2180 1896 2185 .

87 2216 116 2270 et
130 2212 232 2268 Niniue
247 2212 512 2280 subverteturtion.
530 2216 584 2281 ιιι).
603 2235 613 2261 ι
970 2218 1058 2274 David
1070 2218 1105 2274 de
1118 2233 1208 2291 regno
1223 2218 1346 2291 ejectus,
1356 2218 1442 2274 etism
1455 2217 1588 2275 funditus
1600 2217 1756 2288 deleretur,
1763 2215 1794 2272 id

123 2301 195 2356 Cum
206 2315 275 2373 ergo
288 2300 353 2355 duas
369 2300 427 2356 sint
439 2301 501 2356 istos
511 2302 816 2373 oeuseposnitentiem
828 2320 915 2378 egen·
968 2314 1015 2364 est
1029 2314 1202 2377 moreretur,
1217 2311 1247 2363 et
1261 2306 1302 2363 ite
1317 2306 1620 2380 periretnemenejue.
1630 2304 1793 2362 Dixitenim

86 2391 129 2460 di,
147 2396 266 2462 propter
278 2405 478 2462 quumesrum
496 2390 666 2464 poenitentia
680 2392 787 2451 ductus
802 2405 844 2452 esi
860 2395 916 2455 iste
969 2397 1006 2453 ed
1023 2395 1151 2453 Abselon
1168 2412 1175 2451 :
1191 2419 1206 2447 α
1223 2395 1334 2468 Eligem
1352 2395 1424 2452 mihi
1441 2395 1592 2454 duodecim
1607 2392 1792 2452 millisviro·

91 2478 170 2536 illius
184 2479 530 2554 perditionisiNunquid
548 2486 666 2554 propter
679 2498 799 2540 crusem
824 2486 916 2543 futuri
971 2502 1049 2555 rum,
1073 2489 1103 2541 et
1127 2501 1308 2558 consurgens
1333 2501 1493 2558 persequer
1518 2485 1607 2541 David
1632 2485 1685 2543 beo
1709 2486 1795 2541 nocte

94 2568 193 2625 seculi
203 2567 289 2624 ilion
301 2568 404 2641 utique
415 2585 481 2625 cum
492 2569 626 2626 Diabolus
637 2577 726 2640 esset,
737 2571 853 2646 sioipse
864 2573 917 2632 Do·
970 2575 1092 2648 (quippe
1106 2574 1155 2647 qui
1173 2573 1270 2631 lessus
1284 2580 1339 2645 est,
1355 2575 1392 2631 de
1405 2572 1512 2631 solutis
1523 2573 1681 2646 monibus),
1694 2586 1797 2643 percu·

90 2657 191 2714 minus
203 2656 265 2728 lein
279 2656 391 2712 dudum
407 2658 520 2715 dixeret
535 2675 543 2715 :
563 2680 574 2710 ι
590 2658 691 2716 Nonne
701 2677 769 2735 ergo
782 2679 831 2719 ros
842 2664 914 2721 duo·
971 2664 1043 2721 tiam
1059 2679 1127 2719 eum
1143 2662 1182 2735 (ΙΙ
1195 2662 1258 2735 liep.
1275 2672 1355 2730 xviri,
1370 2684 1385 2714 ι)
1402 2663 1488 2720 sicet
1501 2661 1725 2718 ieteDominum
1739 2675 1793 2717 no·

90 2747 183 2803 decim
199 2745 285 2819 elegi,
301 2751 329 2802 et
346 2762 424 2802 unus
439 2762 475 2803 ex
488 2746 571 2804 vohis
586 2748 721 2806 diabolus
737 2751 805 2808 esti
825 2753 916 2823 (toan,
971 2757 1080 2823 strum,
1097 2768 1155 2808 oon
1172 2751 1437 2825 quomodocunque
1452 2749 1645 2818 mori,sedite
1654 2749 1793 2819 mori,vo·

92 2837 144 2909 vr.)
156 2854 167 2884 ι
181 2835 257 2907 Νοο,
273 2835 406 2907 inquom,
423 2834 763 2908 deistosaeculoourauit,
775 2847 826 2897 eut
836 2845 919 2915 quid·
972 2841 1037 2910 luit,
1054 2845 1088 2897 ut
1102 2839 1209 2914 periret
1222 2856 1328 2896 nomen
1343 2839 1555 2911 elus.testeate
1565 2838 1798 2913 pselmoexper·v

97 2941 184 2997 quem
200 2924 264 2995 spei
278 2924 393 2982 hebuit.
410 2924 548 3000 Nunquid
563 2942 631 2983 vern
653 2931 772 3001 propter
796 2947 917 2991 censum
974 2947 1045 2987 sone
1059 2929 1192 3001 ejusdem
1209 2928 1326 2995 Christi,
1340 2944 1397 2997 quo
1411 2944 1480 2985 cum
1496 2927 1627 2985 dixisset.
1643 2950 1658 2979 ι
1678 2927 1797 2986 Inimici

90 3015 242 3088 presentis
258 3014 355 3072 seculi
367 3015 381 3071 t
395 3015 459 3072 Non
475 3017 586 3089 utique,
602 3034 670 3074 uum
686 3024 715 3075 et
726 3019 779 3075 hoc
791 3020 867 3081 mele
878 3037 920 3078 re·
975 3019 1032 3077 mei
1046 3019 1184 3075 dixerunt
1194 3017 1272 3075 mele
1286 3018 1358 3075 mihi
1376 3033 1384 3075 :
1401 3019 1520 3092 qusndo
1536 3017 1797 3090 morieturetperi·

93 3105 248 3177 linqueret,
264 3105 366 3162 obiens
381 3105 485 3179 lequeo
501 3125 532 3164 ee
547 3108 713 3181 suspendit.
731 3111 830 3177 Qualis
848 3128 918 3185 ergo
973 3110 1012 3165 bii
1032 3125 1136 3166 nomen
1152 3109 1217 3180 ejus
1230 3107 1419 3181 (Pentadio
1431 3106 1800 3178 protinusdeistoinsidis·

92 3210 182 3251 ceusu
197 3210 261 3251 esse
275 3198 383 3266 potuit,
397 3213 461 3268 quse
473 3197 635 3253 lecitillum
648 3201 919 3271 pmnitontieducii
973 3208 1033 3255 tore
1042 3197 1416 3255 meximoetinsidisutium
1427 3196 1566 3271 pessimo,
1577 3195 1618 3259 its
1626 3194 1797 3268 subiunxit:

92 3287 172 3339 Hane
185 3282 263 3337 enim
274 3299 330 3338 non
343 3282 619 3355 otiosequerimus:
630 3286 917 3363 Dtuhecnrequidem
974 3310 988 3339 ιι
1004 3289 1039 3345 Et
1050 3286 1268 3361 ingrediebatur
1284 3290 1317 3343 ut
1328 3286 1449 3354 videret,
1464 3302 1539 3343 vane
1553 3283 1728 3357 loquebatur
1746 3301 1798 3343 oor

93 3378 123 3429 et
137 3372 251 3427 incerte
266 3372 350 3426 nobis
362 3373 475 3437 eet,sed
489 3373 622 3444 pereliud
635 3375 799 3433 simileileri
813 3384 918 3451 potest,
973 3378 1047 3447 ejus,
1076 3375 1259 3447 congregavit
1285 3375 1471 3447 iniquitatem
1497 3374 1565 3431 sibl.
1586 3375 1798 3449 Egrediebatur

92 3470 126 3517 ut
138 3458 270 3518 nonnihil
282 3459 478 3518 inveniamus.
495 3460 639 3532 Scriptum
653 3467 698 3519 est
712 3464 748 3520 de
763 3465 918 3534 hchitotel,
975 3468 1052 3523 ioras
1066 3471 1096 3521 et
1113 3464 1290 3536 loquebatur
1312 3465 1342 3520 in
1366 3464 1497 3537 idipsum
1522 3464 1623 3536 (ibid).
1645 3485 1659 3516 s
1684 3470 1721 3521 st
1743 3463 1799 3522 boo

93 3551 144 3624 qui
155 3551 250 3606 iuerat
265 3546 452 3607 consiliarius
467 3549 567 3618 David,
584 3556 613 3607 et
623 3567 725 3607 versus
735 3554 770 3609 ed
791 3554 919 3611 Abselon
975 3553 1053 3610 idem
1069 3553 1173 3611 iterum
1189 3558 1334 3623 repetens,
1350 3569 1418 3609 oum
1434 3551 1470 3608 de
1486 3551 1631 3609 universis
1645 3552 1768 3609 dixisset
1789 3568 1798 3610 ε

96 3639 249 3696 consilium
265 3638 369 3695 inutile
384 3638 504 3696 dederet
518 3644 621 3697 contre
638 3640 740 3714 Devid,
755 3643 825 3714 quia
837 3665 851 3693 n
878 3642 920 3699 ri·
975 3664 988 3696 ι
1005 3641 1168 3699 Adversum
1186 3655 1232 3696 me
1247 3640 1465 3697 subsurrebsnt
1477 3656 1582 3698 omnes
1597 3640 1709 3699 inimici
1730 3640 1799 3711 mel,

95 3730 167 3785 dens
183 3727 259 3798 quod
275 3744 332 3787 non
342 3727 921 3799 luissetiuctumconsiliumsuum,slra·
975 3732 1133 3791 adversum
1150 3746 1197 3787 me
1211 3728 1382 3803 cogitabant
1397 3728 1569 3799 inelemihi,
1585 3751 1600 3782 ιι
1616 3729 1720 3803 (iord),
1740 3736 1796 3787 eto.

96 3820 137 3873 vit
150 3817 266 3874 usinum
285 3832 382 3883 suum,
398 3822 427 3873 et
440 3819 579 3887 surrexit,
596 3822 625 3874 et
648 3817 720 3875 ebiit
744 3820 774 3876 in
799 3820 920 3878 domum
974 3821 1063 3877 istum
1081 3817 1266 3876 manifestius
1280 3817 1428 3891 expressit
1439 3818 1798 3877 dicens:sDtsnimhomo

95 3924 179 3965 suom
195 3913 224 3964 et
238 3907 267 3962 iu
279 3907 425 3963 uivitntem
443 3923 539 3973 suum,
556 3913 585 3963 et
596 3907 737 3980 disposite
753 3908 840 3967 domo
855 3928 920 3983 sue,
975 3909 1053 3985 pacis
1069 3924 1150 3979 meas,
1166 3909 1196 3964 in
1212 3924 1270 3981 quo
1285 3908 1409 3978 speravi,
1424 3906 1477 3980 qul
1492 3908 1594 3965 edehat
1608 3924 1699 3981 penes
1708 3922 1799 3978 meos,

93 3998 253 4065 suspendio
267 3997 381 4052 interiit
391 3996 432 4068 (tl
441 3998 504 4067 llep'.
520 3998 600 4069 rvrrl.
612 4019 626 4047 ιι
637 4000 729 4065 Quam
745 4001 780 4055 ob
800 4016 919 4059 csuesnr
974 3997 1169 4073 mugnillcevit
1184 4014 1273 4069 super
1290 4013 1336 4053 me
1347 3996 1619 4069 supplantationem
1632 3996 1736 4070 (ibid).
1757 4018 1773 4049 u

93 4105 125 4146 se
142 4087 188 4144 ille
204 4085 382 4159 suspendit?
396 4085 476 4141 Vidit
491 4087 570 4141 enim
586 4087 655 4157 spuis
667 4104 723 4143 non
735 4093 798 4143 eret
809 4089 919 4147 tectum
1009 4086 1083 4145 Hinc
1099 4087 1285 4144 rnenilostum
1299 4090 1344 4142 eet
1362 4087 1440 4159 quud
1456 4087 1512 4144 iste
1527 4086 1797 4157 neosolueiste,sed

93 4176 250 4234 eonsilium
266 4191 365 4232 suum.
384 4179 490 4230 i’erum
506 4174 919 4247 diotuinest,nieisimulsub·
975 4178 1101 4234 maxime
1117 4177 1170 4233 iste
1185 4176 1228 4233 sio
1245 4175 1557 4234 Dominunschristum
1570 4177 1645 4239 mori
1658 4177 1800 4246 uoluit,ut

92 4267 254 4340 intelligas,
270 4266 342 4339 quie
357 4264 506 4338 malignus
528 4265 678 4337 conjector
700 4267 919 4341 conjiciebatur,
975 4269 1084 4342 periret
1097 4282 1202 4323 nomen
1218 4268 1294 4338 ejus,
1308 4265 1338 4323 id
1354 4271 1400 4325 est
1411 4275 1441 4322 ot
1455 4265 1535 4325 nulla
1546 4267 1679 4325 lamevel
1690 4284 1799 4326 memo·

94 4359 299 4429 decipiendum
317 4358 377 4413 iore
389 4355 529 4426 hhselon,
545 4362 574 4413 et
588 4372 774 4414 reversurum
787 4374 852 4416 esse
862 4360 920 4419 Da·
976 4359 1030 4425 ria,
1044 4361 1073 4415 et
1087 4357 1168 4414 nulle
1183 4363 1352 4430 superesset
1367 4358 1501 4416 doctrina
1511 4359 1586 4431 ejus,
1601 4359 1680 4415 siout
1694 4357 1743 4415 ille
1757 4359 1798 4414 ri·

93 4448 143 4503 vid
160 4446 189 4502 in
204 4461 326 4517 regnum
340 4461 439 4513 suum,
456 4446 531 4518 quod
549 4445 604 4502 slbi
621 4447 786 4504 estimebet
803 4449 864 4506 lore
876 4451 920 4507 tn·
940 4432 961 4499 ll
977 4447 1082 4506 delicet
1096 4445 1245 4517 hohitoiel,
1261 4445 1332 4505 illud
1349 4447 1528 4517 intendebat,
1543 4452 1575 4505 ut
1595 4447 1696 4513 David,
1720 4446 1799 4504 sicut

95 4535 388 4605 tolerutrilemsuum3
400 4535 510 4608 quippe
520 4535 570 4609 qui
583 4536 770 4594 intercotere
780 4538 922 4611 melanm
973 4539 1035 4610 jem
1050 4535 1218 4593 dictumest
1233 4535 1268 4593 de
1283 4552 1373 4610 regno
1386 4540 1509 4609 electus,
1526 4552 1709 4610 nequequam
1720 4536 1799 4593 ultra

99 4632 166 4684 ente
177 4625 297 4683 dederat
312 4624 471 4680 consilium
488 4629 521 4680 ut
533 4623 659 4682 Abselon
677 4626 796 4683 ioedaret
811 4634 923 4700 petrem
977 4640 1098 4697 regnare
1112 4629 1221 4699 posset,
1238 4630 1330 4681 morte
1353 4632 1526 4698 preventus.
1549 4626 1687 4682 lismdem
1708 4625 1801 4699 igitur

98 4731 196 4773 suum.
210 4712 287 4772 Illud
305 4710 402 4769 simile
417 4712 467 4769 isti
482 4718 559 4770 recte
582 4714 729 4772 dixerim:
751 4717 822 4785 Quis
844 4716 923 4774 enim
977 4715 1020 4773 vel
1035 4715 1162 4773 similem
1182 4716 1218 4772 oh
1234 4731 1354 4772 oausam
1371 4719 1494 4787 uterque
1506 4714 1677 4788 penitentis
1691 4715 1799 4774 ductos

98 4807 211 4865 nesciet
225 4804 308 4862 illum
317 4802 693 4865 Doeldslmilitudinemrel
704 4810 806 4881 typum
820 4812 923 4880 protu·
977 4808 1063 4862 estet
1076 4809 1200 4878 uterque
1214 4803 1319 4876 laqueo
1334 4820 1366 4861 se
1386 4803 1551 4878 suspendit,
1575 4803 1709 4861 videlieet
1732 4803 1801 4876 quis

97 4897 167 4954 lisso
182 4894 270 4968 hujus
283 4892 354 4949 lesu
370 4890 479 4950 Christi
494 4891 560 4949 silit
575 4893 636 4964 Dei,
652 4899 682 4951 et
692 4896 740 4955 sul
750 4911 923 4969 quoquese·
979 4895 1133 4966 persensit,
1149 4898 1210 4951 tam
1227 4893 1376 4965 istequem
1386 4893 1652 4969 ille,quodresnon
1663 4894 1799 4965 procede·

99 4986 229 5043 cundum
245 4981 421 5039 cernemlilii
432 4981 522 5040 iNem
535 4987 606 5039 utet
617 4984 779 5042 seeundum
796 5002 924 5059 presens
978 4988 1023 5040 ret
1031 4984 1194 5041 monadum
1205 4981 1445 5053 consiliumejus.
1455 4981 1799 5056 Dtindepulcherrimsm

98 5078 314 5132 sacrementum
323 5071 708 5147 quatuoriecierurnaliquiil
721 5073 840 5148 loquer:
854 5075 923 5132 Pro·
978 5071 1183 5129 similitudinis
1197 5069 1402 5144 perlectionem
1415 5071 1422 5127 l
1434 5072 1584 5138 Quomodo
1595 5071 1644 5130 ille
1655 5072 1801 5146 persensit

105 5166 235 5238 pinquns
247 5165 309 5236 ipse
325 5163 380 5218 luit
395 5162 476 5219 leciei
500 5160 643 5233 hominis,
670 5180 721 5236 pro
745 5180 779 5220 eo
800 5163 925 5221 mexims
978 5160 1023 5221 sci
1039 5161 1116 5218 unde
1131 5157 1180 5216 ille
1195 5158 1324 5232 percepit
1340 5175 1397 5217 non
1412 5162 1647 5219 lierisecundum
1666 5161 1803 5217 intentio·

105 5255 180 5326 quod
198 5266 232 5309 ex
247 5250 361 5308 semine
380 5253 444 5320 ejus
468 5250 601 5308 Christus
621 5253 785 5310 secundum
807 5268 924 5311 caruem
979 5264 1045 5309 nem
1060 5265 1156 5318 snam,
1171 5254 1205 5307 ut
1219 5248 1353 5306 lunditus
1367 5250 1608 5308 exterminaretur
1623 5248 1737 5308 Dasrdt
1751 5246 1801 5304 Ni·

101 5343 180 5415 (l'sut
194 5343 289 5412 cxxxi)
307 5357 314 5396 ι
330 5341 365 5397 Dt
379 5339 461 5396 laciei
477 5339 582 5412 ieonis,
598 5357 650 5414 pro
665 5358 699 5398 eo
714 5343 791 5413 quod
806 5339 927 5409 tortissi-
981 5337 1086 5395 mirum
1101 5339 1275 5410 essequod
1290 5338 1408 5405 chussi,
1423 5339 1537 5397 eminus
1554 5337 1654 5401 Duuid,
1670 5337 1802 5409 querire·

102 5446 170 5485 mus
185 5428 247 5500 ipse
255 5450 268 5476 ι
276 5426 485 5483 cumleonihus
496 5424 568 5482 lusit
579 5432 611 5482 ut
621 5426 768 5499 Sapientis
781 5425 924 5494 meminit,
979 5427 1047 5487 licto
1061 5426 1161 5494 Devid,
1177 5432 1297 5484 venerei
1311 5428 1348 5483 ed
1360 5428 1499 5496 Ahsslon,
1514 5442 1601 5499 quem
1614 5426 1716 5497 utique
1726 5424 1802 5482 scie·

98 5517 183 5591 quasi
200 5533 269 5576 oum
284 5517 369 5589 rgnis
383 5515 447 5572 etin
457 5514 771 5613 unissiqsilitepipolt.
784 5516 933 5613 tesquis,
979 5517 1233 5605 hstneqpnqusm
1247 5516 1348 5585 animo
1360 5517 1521 5601 nupsisse
1540 5531 1558 5570 a
1577 5514 1680 5584 DaviD,
1706 5530 1802 5588 nsque
