3832 6008
74 211 135 273 aio
542 213 743 280 uounnur.
767 210 807 276 ru
830 162 1001 275 caumes
1021 211 1173 275 canuc.
1198 245 1235 258 -
1260 170 1335 275 svn.
1358 213 1383 273 r.
1728 206 1788 274 aaa

73 344 268 415 conbdentoa,
286 348 315 403 et
330 362 382 420 pro
397 345 567 419 huiusmodi
582 347 714 406 custodia
738 346 900 405 clamantes
914 347 943 415 Α
958 343 1045 402 verba
1060 344 1134 404 vile.
1151 344 1223 402 llius
1239 361 1290 417 per
1304 343 1481 402 Hieremiam
1501 308 1671 418 prephatam
1686 343 1787 403 luerat

72 435 109 491 sd
124 450 171 491 me
182 434 295 508 jngiter
310 452 317 492 r
334 437 400 492 llaec
414 433 451 493 ad
474 435 549 494 tilius
572 436 753 495 Hierusalem
773 435 901 505 elocuta,
956 436 1147 510 predictum:
1165 456 1181 487 ιι
1197 433 1272 503 Quia
1283 450 1340 492 non
1356 451 1424 493 sum
1441 433 1558 492 locatus
1569 449 1638 493 cum
1649 433 1784 507 patribus

72 522 174 598 quales
190 525 308 598 refugit,
325 531 358 583 ut
373 542 462 596 supra
471 527 535 599 laur
547 525 900 593 dictumestnseonsids·
956 526 1072 595 vestris,
1082 533 1110 583 st
1120 542 1178 583 non
1194 526 1317 600 precepi
1334 523 1378 583 ais
1396 524 1426 580 in
1437 523 1494 594 die,
1511 541 1571 598 qua
1586 524 1735 582 edunieoa
1746 523 1784 582 da
1897 582 1902 587 .

72 617 188 670 roratur
203 613 240 670 ab
255 616 309 686 eia,
326 620 355 671 et
369 615 549 673 inveniretur
569 620 598 674 in
614 621 696 674 utero
720 615 845 685 habens,
870 613 901 671 in

71 702 123 761 illa
137 705 301 778 frequentia
315 705 493 763 venientium
504 707 539 762 ad
556 705 713 776 ¹allisabetb,
726 710 758 763 ut
774 721 900 779 congra-

70 792 239 851 tularentur
258 793 296 864 el,
322 812 389 853 mox
410 796 446 852 ad
467 794 606 853 dilectum
628 812 779 861 conversa,
794 795 866 851 dicit
890 807 898 850 ι

71 906 86 936 ιι
103 882 206 941 iudica
221 884 292 940 mibi
306 901 394 958 quem
412 886 509 960 diligit
523 885 622 942 anima
634 902 709 955 mea,
721 884 769 941 ubl
783 900 899 959 pascas,

70 973 123 1030 ubi
135 976 224 1031 cubes
235 973 264 1031 ln
278 974 451 1045 meridiane
461 974 560 1049 vagari
572 974 713 1048 incipiam
726 991 777 1048 per
794 989 899 1048 greges

67 1064 216 1121 sodalium
233 1066 364 1121 tuorum.
382 1087 393 1115 ι
411 1064 537 1122 Sensum
550 1066 628 1122 vocis
643 1064 732 1137 huius
743 1064 898 1138 querenti,

69 1169 124 1210 nec
140 1152 286 1210 dubitanti
304 1153 387 1223 mibi,
403 1154 475 1228 quin
488 1155 630 1213 veraciter
644 1158 787 1228 congruat
808 1157 898 1210 tantas

67 1247 190 1316 tamque
206 1244 298 1301 beatae
313 1243 433 1319 Virgini,
450 1261 591 1320 magnum
608 1250 637 1301 et
652 1247 760 1302 mirum
776 1259 840 1302 sese
851 1243 898 1300 in·

68 1336 144 1408 gerit
158 1339 188 1391 et
198 1336 292 1408 aperit
302 1342 518 1393 sacramentum
529 1336 608 1394 illius
617 1332 897 1410 evangelicalectio·

69 1425 135 1482 nis:
156 1445 168 1475 ι
183 1424 256 1482 Cum
275 1425 551 1485 lactusessetteaus
565 1444 711 1485 annorum
726 1424 896 1494 duodecim,

69 1513 298 1571 ascendentibus
322 1514 381 1571 illis
401 1514 631 1587 lllsmsolymam
647 1517 809 1573 secundum
826 1530 895 1570 con·

70 1600 258 1660 suetudinem
275 1601 332 1660 disi
350 1604 426 1675 testi,
452 1605 723 1679 consummatisque
745 1603 895 1671 omnibus,

957 617 1034 672 terra
1050 615 1175 690 AEgypli,
1200 615 1235 671 de
1250 615 1338 671 verbo
1358 613 1645 672 holocaustomatum
1661 617 1689 670 et
1701 612 1783 672 victl·

957 721 1086 775 marum,
1102 705 1153 762 sed
1169 704 1224 762 boc
1235 704 1356 761 verbnm
1371 702 1494 777 praecepi
1508 703 1563 772 als,
1582 703 1685 760 dicens
1700 717 1708 758 r
1723 705 1783 760 Au·

957 797 1017 855 dite
1031 813 1132 855 vocem
1161 813 1258 854 meam
1286 801 1315 854 et
1328 812 1377 854 ero
1392 795 1473 855 vobis
1488 794 1575 864 Dens,
1591 799 1620 853 et
1633 811 1684 852 vos
1698 793 1781 854 eritis

956 885 1030 942 mibi
1041 887 1177 960 populus,
1188 890 1217 944 et
1228 885 1378 943 ambulate
1387 885 1417 942 in
1428 885 1509 943 omni
1524 884 1580 956 vis,
1596 900 1685 958 qnam
1697 901 1781 941 man·

955 973 1023 1033 davi
1036 975 1120 1032 vobis
1135 976 1203 1048 (ier.
1219 979 1281 1047 vri),
1298 998 1309 1026 ι
1327 973 1506 1032 subauditur
1528 974 1559 1031 in
1582 979 1681 1032 monta
1705 972 1781 1032 Orsb
1878 998 1881 1003 ·
1903 962 1911 993 ‘¹

954 1068 1021 1121 ante
1036 1069 1150 1121 reatum
1165 1064 1262 1133 vituli,
1279 1065 1328 1121 ubi
1340 1064 1569 1136 justificationes
1590 1068 1619 1121 et
1635 1067 1781 1138 precepta

954 1154 1019 1210 vite
1034 1153 1111 1224 dadi,
1128 1152 1238 1227 scripta
1253 1153 1282 1210 in
1294 1152 1405 1211 tabulis
1420 1153 1511 1226 digito
1525 1151 1574 1209 [isi
1595 1151 1694 1227 (laod.
1718 1151 1779 1226 xx).

954 1243 1064 1300 Horum
1079 1243 1343 1303 discernendorum
1360 1242 1463 1317 utique
1477 1242 1652 1315 magistram
1668 1246 1697 1300 le
1711 1257 1777 1300 asse

954 1334 1115 1406 oportebat.
1133 1332 1194 1392 oB.
1211 1332 1310 1403 liaris,
1326 1337 1354 1389 et
1369 1332 1511 1406 magistra
1526 1330 1779 1406 magistrorum,id

952 1428 1008 1492 est,
1031 1424 1243 1497 apostolorum,
1265 1423 1352 1494 juxta
1373 1421 1445 1479 illud
1468 1438 1507 1479 r«
1523 1421 1599 1479 Fons
1613 1420 1779 1490 hortorum,

953 1517 1061 1584 puteus
1072 1528 1214 1585 aquarum
1228 1510 1400 1579 virentium,
1416 1527 1479 1585 quas
1496 1510 1592 1568 lluunt
1612 1509 1725 1584 impetu
1741 1509 1778 1568 de

955 1603 1063 1660 bibano
1088 1605 1180 1673 (Cant.
1196 1608 1246 1674 vv).
1262 1621 1275 1654 ι
1308 1605 1348 1660 ln
1364 1601 1435 1675 quia
1455 1601 1582 1676 Spiritus
1601 1604 1723 1657 sanctas
1739 1598 1775 1656 il·

67 1709 139 1751 cum
156 1695 296 1762 redirent,
312 1693 453 1751 remansit
468 1711 539 1767 puer
552 1694 640 1753 lesus
655 1695 684 1752 in
702 1691 894 1764 llicrusslem,
910 1717 935 1785 B
951 1694 997 1754 los
1011 1694 1121 1765 docuit,
1146 1693 1255 1751 idcirco
1276 1696 1332 1750 tua
1354 1693 1432 1749 vocis
1458 1690 1626 1764 magisterio
1642 1706 1701 1748 non
1717 1689 1777 1748 illis
1809 1742 1812 1747 ,

69 1789 99 1839 et
110 1798 166 1839 non
178 1785 608 1857 cognoverunlparentssejus,
619 1805 634 1835 a
644 1790 712 1856 ate,
724 1799 829 1855 usque,
840 1805 855 1832 ιι
867 1789 896 1839 et
954 1804 1028 1861 opus
1043 1784 1126 1842 iuitl
1142 1786 1202 1842 lmo
1216 1800 1272 1843 vox
1288 1790 1340 1841 tua
1354 1801 1407 1840 vos
1419 1782 1477 1840 illis
1492 1783 1548 1839 tuit
1565 1781 1692 1855 Spiritus
1707 1796 1777 1838 sun·

71 1871 143 1928 dixit
159 1879 251 1930 mater
264 1874 329 1946 ejus
344 1874 380 1930 ad
405 1872 488 1931 illum
506 1889 514 1930 s
532 1873 599 1940 iili,
613 1872 684 1948 quid
699 1873 792 1931 iecisti
810 1871 894 1929 nobis
952 1877 1003 1949 eti,
1019 1875 1164 1949 quidquid
1176 1873 1373 1948 supplementi
1382 1890 1457 1949 opus
1472 1878 1535 1930 erat
1550 1871 1662 1930 eisdem
1674 1876 1779 1929 morta·

70 1960 137 2018 sict
152 1963 223 2019 lices
239 1970 320 2034 pater
334 1974 403 2021 tuus
418 1972 445 2021 et
464 1979 518 2037 ego
542 1963 674 2021 dolentes
690 1964 896 2038 querebamus
951 1967 1030 2024 libus
1042 1965 1086 2022 vel
1102 1964 1275 2032 testimonii,
1291 1965 1327 2020 ad
1357 1963 1575 2022 confirmandos
1593 1959 1777 2033 singulorum

70 2056 98 2107 te
114 2051 190 2111 itus.
206 2052 250 2126 rr).
266 2074 280 2104 ιι
303 2053 376 2120 Quid
402 2053 480 2112 enim
500 2052 515 2110 i
538 2052 674 2127 Nunquid
690 2069 760 2110 casu
776 2060 893 2127 gestum
951 2073 1145 2130 sensus,quos
1156 2054 1371 2127 acceperantab
1383 2056 1485 2112 eodem
1497 2051 1777 2128 Spiritu,divldenta

71 2146 127 2211 est,
143 2148 176 2198 ut
191 2158 263 2216 puer
277 2142 365 2199 lesus
380 2148 546 2200 remaneret
562 2142 590 2198 in
609 2141 835 2210 Hierusalem,et
846 2161 895 2216 pa·
950 2145 1087 2218 singulis,
1104 2151 1189 2216 prout
1199 2144 1297 2218 vult(l
1313 2147 1377 2203 cor.
1388 2145 1449 2217 xri),
1466 2161 1500 2201 ex
1514 2142 1651 2215 religioso
1665 2157 1714 2200 ore
1725 2144 1776 2199 tuo

71 2233 243 2304 renteaejus
258 2230 341 2287 illum
358 2247 423 2288 essa
438 2232 616 2289 incomitata
632 2233 844 2303 existimarent,
861 2238 894 2291 ul
950 2240 1152 2311 perceperunt,
1163 2234 1309 2292 instructo
1325 2235 1361 2291 ad
1377 2233 1776 2307 loquendumbancoompo·

68 2321 254 2393 requirerent
268 2322 345 2377 inter
359 2327 498 2395 cognatos
513 2328 542 2379 et
557 2327 652 2393 notos,
672 2326 701 2378 et
711 2339 769 2379 non
785 2320 894 2380 inveni·
949 2327 1006 2383 sito
1021 2326 1058 2383 ad
1075 2326 1243 2396 tacendum,
1258 2330 1344 2398 prout
1358 2327 1477 2397 tempus
1493 2327 1556 2380 erat
1566 2330 1773 2396 opportunum.

67 2415 144 2477 rent,
160 2409 285 2481 regressi
301 2410 330 2465 lu
347 2409 540 2480 Hierusalem,
552 2410 747 2486 requirentes,
759 2417 824 2485 post
838 2411 892 2468 tri·
948 2421 992 2472 An
1008 2416 1078 2490 quia
1092 2414 1155 2472 loco
1170 2431 1261 2489 supra
1285 2419 1445 2472 memorato
1464 2414 1500 2470 da
1524 2413 1638 2471 aclibus
1654 2416 1773 2486 aposto·

65 2500 160 2555 duum
178 2500 353 2570 invenirent,
366 2517 423 2559 nno
439 2504 704 2574 quomodocunque
712 2501 756 2558 vel
768 2502 892 2559 ublcun·
948 2505 1056 2570 lorum,
1073 2503 1124 2562 ubi
1139 2505 1215 2561 lacta
1229 2505 1375 2560 seditione
1386 2508 1504 2576 propter
1515 2502 1704 2561 caeremonias
1717 2502 1771 2560 Ju-

66 2605 135 2661 que,
151 2587 204 2646 sed
216 2589 243 2645 in
260 2590 370 2664 templo
385 2593 534 2650 sedentem
555 2592 585 2648 in
602 2591 698 2649 medio
725 2593 891 2664 doctorum,
948 2595 1047 2652 dnicae
1063 2599 1264 2651 convenerunt
1279 2593 1402 2666 apostoli
1416 2597 1446 2649 et
1466 2593 1596 2651 seniores
1618 2591 1714 2650 videre
1737 2592 1773 2650 da
1883 2672 1886 2679 ἱ

67 2680 234 2736 audientem
252 2681 330 2752 illos,
356 2685 386 2738 et
411 2682 638 2756 interrogantem
653 2679 669 2738 i
683 2679 818 2753 Nunquld
837 2681 890 2738 hou
946 2684 1002 2742 boo
1017 2685 1115 2745 verlru.
1130 2683 1242 2740 nullum
1265 2682 1304 2738 tui
1323 2683 1502 2739 mentionem
1518 2682 1671 2754 Scriptura
1692 2680 1770 2751 lecit,

65 2769 245 2842 evangelista
261 2780 318 2826 tam
348 2771 504 2845 diligenter
525 2773 674 2838 scriberet,
695 2771 752 2829 nisi
769 2788 829 2829 rem
845 2788 890 2828 aa·
946 2775 1056 2833 idcirco
1072 2775 1237 2848 putandum
1253 2774 1390 2847 estquod
1406 2777 1566 2829 conventus
1586 2771 1635 2827 ille
1658 2778 1686 2828 ta
1702 2769 1775 2828 omi·

64 2860 206 2915 crementi
224 2859 338 2932 plenam
355 2877 421 2918 esse
436 2860 630 2918 sciretlSunt
644 2861 852 2929 etaliamults,
873 2883 887 2915 a
945 2866 1028 2933 sarit,
1043 2871 1072 2922 sl
1089 2875 1223 2922 sanctum
1239 2870 1274 2920 de
1289 2869 1340 2920 tuo
1351 2870 1480 2934 pectore,
1496 2863 1532 2920 de
1547 2872 1596 2918 tuo
1611 2877 1659 2919 ore
1676 2859 1772 2934 Spiri-

64 2946 161 3020 inqult
174 2949 315 3020 loannes,
328 2973 342 3002 ιι
353 2969 418 3025 qua
430 2950 601 3018 iecitleaus,
614 2953 711 3027 quesi
721 2953 890 3010 scribantur
945 2963 1009 3012 tum
1027 2972 1083 3012 non
1096 2954 1277 3011 consuluerit
1292 2952 1307 3010 t
1328 2956 1402 3029 (Act.
1419 2952 1477 3026 xv.)
1499 2953 1560 3009 lmo
1584 2958 1613 3008 et
1626 2948 1685 3008 ibis
1700 2957 1728 3007 et
1742 2953 1771 3010 ln

64 3039 305 3114 persingula,neo
317 3042 413 3114 ipsum
426 3041 702 3098 arbitrormundum
714 3058 817 3111 capere
828 3059 886 3111 eos,
944 3044 1058 3102 caeteris
1074 3045 1196 3116 agendis
1211 3049 1242 3100 tu
1261 3043 1408 3117 princeps,
1423 3058 1541 3099 omnem
1555 3042 1669 3100 solvisti
1692 3058 1770 3114 quis·

63 3129 113 3199 qui
130 3130 275 3186 scribendi
303 3136 385 3197 sunt,
412 3132 503 3188 libros
527 3134 618 3196 ticon.
634 3133 702 3205 aar).
721 3156 731 3181 ·
748 3132 777 3188 Si
794 3132 886 3189 solum
944 3136 1069 3193 ationem
1087 3150 1094 3192 ι
1110 3135 1150 3191 its
1165 3140 1276 3200 tamen,
1292 3140 1325 3191 ut
1341 3150 1398 3190 non
1414 3134 1569 3199 clamares,
1587 3150 1682 3209 neque
1698 3150 1770 3192 cou-

62 3229 176 3289 spectes
188 3238 247 3278 rem
258 3229 383 3295 gestam,
397 3229 543 3295 quantum
555 3235 599 3280 est
611 3222 664 3280 hoc
678 3225 752 3280 inter
762 3221 886 3281 allatam
941 3231 1088 3296 tenderes,
1104 3243 1199 3302 neque
1214 3228 1366 3283 audiretur
1376 3242 1430 3283 vox
1445 3232 1494 3282 tua
1511 3224 1582 3282 loris
1597 3226 1664 3291 tiro.
1680 3227 1766 3301 still:

63 3314 167 3375 multa,
184 3319 214 3366 ut
238 3311 296 3366 illis
317 3314 437 3369 ouiiseis
452 3313 488 3367 ab
502 3311 680 3386 evangelista
696 3329 753 3369 non
769 3314 887 3370 deberet
941 3320 1021 3392 quia,
1032 3320 1110 3375 sicut
1126 3325 1192 3374 ante
1208 3333 1261 3373 noe
1276 3315 1295 3373 d
1308 3322 1387 3373 ctum
1404 3320 1459 3386 est,
1475 3322 1506 3372 tu
1529 3313 1590 3372 sols
1614 3332 1646 3372 es
1667 3315 1765 3390 Virgo,

60 3401 156 3455 oniilti
173 3400 292 3472 ligitur
307 3410 333 3457 ct
350 3406 378 3457 in
397 3419 465 3458 vocs
481 3406 547 3471 ista,
565 3425 578 3453 ι
595 3402 690 3458 indica
707 3400 779 3457 mibi
797 3419 885 3473 quem
941 3425 1004 3481 qua
1021 3409 1185 3464 universam
1212 3406 1375 3462 hereticam
1394 3407 1566 3477 pravitatem
1579 3405 1765 3464 interemisti.

60 3487 157 3561 diligit
168 3495 267 3547 anima
279 3492 404 3550 meaubi
419 3492 588 3565 pascus,ubi
600 3491 885 3559 cubeainmeridie,s
939 3497 1052 3553 Dixeris
1075 3512 1145 3569 ergo
1170 3510 1177 3551 :
1202 3517 1216 3546 ιι
1245 3495 1343 3550 lndios
1365 3493 1435 3549 mibi
1451 3510 1539 3567 quem
1555 3493 1650 3565 diligit
1665 3495 1765 3552 anima

57 3584 88 3635 et
104 3580 133 3635 in
149 3581 199 3636 illa
211 3598 240 3637 re
256 3590 348 3654 gesta,
360 3599 418 3654 qua
429 3584 502 3638 «lixit
516 3582 617 3638 eadem
634 3581 797 3654 diligenset
811 3582 885 3638 dile·
940 3603 1015 3650 mea,
1031 3586 1079 3642 ubi
1097 3601 1211 3658 pascas,
1229 3583 1277 3641 ubi
1304 3584 1395 3640 cubes
1413 3584 1444 3640 in
1470 3583 1600 3649 meridie,
1616 3601 1652 3640 ne
1666 3586 1763 3657 vagari

58 3675 106 3727 cta
122 3686 129 3726 ι
148 3693 161 3724 ι
178 3672 240 3739 siti,
257 3673 327 3746 quid
346 3672 437 3729 iecisti
455 3674 540 3729 nobis
555 3671 702 3729 sicilicos
718 3680 801 3746 pater
814 3680 885 3731 tuus
939 3677 1077 3748 incipiam
1095 3691 1146 3746 per
1160 3690 1263 3747 greges
1280 3672 1425 3730 sodalium
1442 3678 1570 3732 tuorum.
1596 3694 1611 3724 a
1637 3673 1764 3731 indicari

56 3766 86 3815 et
101 3777 153 3823 ouo
170 3761 303 3817 dolentes
319 3763 520 3834 querebamus
535 3768 573 3829 te,
600 3785 611 3813 ι
638 3778 729 3818 unum
746 3763 884 3837 idemque
938 3765 990 3823 tibi
1007 3764 1172 3839 flagitabas.
1189 3770 1221 3821 ut
1236 3763 1301 3819 aliis
1327 3764 1457 3819 indicare
1480 3762 1579 3819 scires.
1601 3764 1655 3819 Sed
1672 3763 1737 3820 dico
1754 3781 1762 3819 :

56 3850 231 3921 mysterium
245 3851 475 3924 spectarejuvat.
491 3851 564 3918 Quid
579 3851 657 3908 enim
670 3860 715 3908 est
724 3854 883 3909 comitatus
937 3853 1236 3928 Nunquidnesclebas
1247 3851 1261 3908 l
1272 3851 1408 3922 Nunquid
1421 3851 1498 3923 quod
1512 3851 1657 3923 propbeta
1668 3853 1763 3910 scive-

55 3938 93 3995 de
110 3938 157 3995 die
173 3940 246 3997 lesto
270 3942 470 4009 redeuntium,
491 3942 546 3998 nisi
573 3941 734 4014 trequentis
748 3941 790 3999 vel
808 3945 882 4000 ritus
937 3951 1017 4011 runt,
1034 3956 1063 4000 tu
1079 3944 1236 4017 ignorabas
1251 3941 1265 3998 'l
1280 3939 1386 4013 Utique
1402 3941 1542 4005 nescires,
1554 3941 1610 3997 nisi
1636 3940 1763 4012 desuper

56 4031 297 4086 ceremoniarum
313 4031 515 4088 iudaicarum.
528 4030 767 4088 ceremoniarum
779 4048 882 4089 carna·
937 4036 1095 4094 indicatum
1122 4034 1175 4091 tibi
1199 4034 1318 4091 luisset.
1343 4033 1378 4089 iit
1401 4031 1481 4088 Deus
1499 4036 1581 4099 tuus,
1598 4032 1677 4089 illius
1692 4037 1762 4090 tuus

58 4115 150 4173 lium?
162 4117 362 4192 lateramque
377 4124 514 4176 mandata
525 4121 880 4192 vitanonpreeessernnt,
936 4125 1117 4201 presciebat,
1134 4124 1211 4198 quod
1227 4128 1448 4180 resurrecturus
1463 4127 1572 4179 assata
1589 4123 1715 4180 mortuis
1732 4126 1761 4180 at

56 4207 644 4279 sedcomitstssuut,etsiriteconsideres
654 4209 880 4284 legisordioem,
934 4221 1033 4274 tamen
1048 4217 1078 4272 in
1091 4215 1287 4289 percontatus
1302 4209 1538 4268 psalmistadicit
1550 4227 1557 4267 :
1570 4233 1585 4263 ιι
1595 4212 1637 4269 ‘l'u
1647 4217 1758 4285 sutem,

56 4305 213 4373 postquam
239 4306 383 4373 precepta
407 4301 483 4357 bona
511 4301 580 4357 data
595 4308 676 4369 sunt,
693 4319 756 4374 quas
772 4302 880 4361 taciens
935 4305 1209 4369 Dominamissrere
1220 4303 1318 4372 metet
1327 4301 1471 4358 resuscita
1481 4317 1538 4371 me,
1554 4307 1585 4359 et
1598 4302 1758 4360 retribuam

55 4384 143 4444 homo
159 4389 311 4445 viveretis
334 4390 388 4456 eis,
411 4390 471 4446 istas
487 4392 666 4447 ceremonia
679 4399 879 4466 praceptaque
933 4395 1145 4469 melittutam.
1164 4415 1178 4444 a
1195 4392 1277 4449 Dicat
1291 4391 1417 4465 aliquis:
1433 4389 1506 4456 Quid
1523 4406 1592 4464 ergo
1612 4397 1667 4461 est,
1681 4391 1758 4466 quod

53 4491 112 4533 non
129 4477 215 4548 bona,
241 4477 270 4534 in
296 4480 405 4552 quibus
430 4496 488 4535 non
513 4479 649 4544 viverent,
665 4497 682 4536 s
697 4487 779 4538 reatu
794 4482 877 4539 vituli
932 4485 961 4542 in
978 4484 1147 4557 supradicto
1159 4482 1222 4539 loco
1234 4480 1390 4552 Evangelii,
1402 4481 1471 4536 dutn
1483 4479 1541 4536 lsts
1560 4479 1759 4554 significaren-

51 4573 245 4639 sumpserunt
259 4568 375 4625 initium
390 4569 489 4641 (tecit.
504 4585 593 4638 xs1u3
611 4570 710 4626 lioeclt.
723 4587 759 4627 xx
772 4570 874 4639 mod.
930 4581 991 4645 tur,
1001 4575 1072 4631 dixit
1083 4592 1091 4632 ε
1104 4598 1117 4625 ιι
1134 4572 1199 4639 Fili,
1214 4573 1284 4645 quid
1302 4570 1395 4628 iecisti
1408 4570 1492 4628 nobis
1509 4570 1563 4642 sio,
1581 4588 1648 4629 ecee
1662 4588 1716 4646 ego
1730 4580 1759 4630 et

49 4654 143 4729 xxiii),
159 4662 188 4712 et
203 4655 258 4713 boc
273 4663 337 4713 erat
347 4658 452 4730 iugum
470 4656 689 4730 gravissimum,
704 4660 781 4731 quod
798 4677 875 4718 ane·
929 4661 1758 4740 patsrtuusdolentesquarebamuste,»etc.,usque,oet

48 4760 106 4818 qua
117 4763 183 4811 noa.
196 4770 211 4799 »
226 4747 267 4804 tii
281 4748 386 4805 Petrus
402 4747 565 4821 apostotus,
584 4765 704 4821 -nequa
719 4756 816 4823 patres
828 4768 877 4808 no·
928 4755 984 4829 ipsi
1002 4754 1191 4811 altiliorum
1205 4748 1442 4808 intellexerant?
1456 4752 1525 4806 »ad
1539 4751 1728 4821 bastoniam
1746 4769 1754 4811 :

48 4840 101 4897 stri
118 4843 233 4912 portare
251 4839 401 4913 potuimus
412 4842 482 4912 (Act.
495 4839 554 4911 xv).
571 4860 586 4888 »ι
602 4838 696 4912 Super
710 4841 756 4898 bis
767 4857 875 4915 magns
929 4849 962 4901 iii
977 4845 1045 4918 quid
1056 4844 1128 4900 illud
1140 4848 1195 4908 est,
1207 4841 1284 4913 quod
1296 4839 1476 4912 evangelista
1487 4845 1625 4897 continuo
1636 4838 1753 4899 intulit:

47 4928 226 5003 conquisitio
236 4930 334 4987 lutura
344 4934 417 4995 erat,
429 4933 458 4985 et
469 4927 697 4995 luctaeat,sicut
713 4932 741 4986 in
753 4931 874 4989 lctibus
928 4957 943 4988 ιι
959 4934 1052 4991 Mater
1066 4937 1132 5004 ejus
1148 4930 1341 4988 conservabat
1355 4931 1454 4986 omnia
1477 4931 1567 4985 verba
1582 4931 1641 4986 beo
1656 4930 1754 4987 conis·

48 5022 250 5092 apostolorum
268 5019 395 5093 legimus
411 5033 419 5074 ε
436 5040 450 5069 ιι
465 5022 503 5074 st
522 5020 642 5092 quidem
664 5020 874 5078 descendentes
928 5027 1032 5083 rensin
1046 5020 1233 5080 cordssuoli
1244 5018 1476 5090 igiturecreduo
1487 5020 1572 5092 quasi
1587 5037 1754 5093 repugnan-

47 5106 209 5178 daludaa,
230 5110 375 5166 docebant
403 5108 518 5176 iratres,
547 5107 628 5180 quia,
658 5109 716 5167 nisi
744 5110 874 5168 circum·
927 5107 1755 5180 tia.Sienirnnonnesciebatquommtoquarensdols·

48 5197 200 5267 cidamini,
229 5215 287 5257 nott
313 5198 433 5272 potestis
462 5197 535 5254 salvi
560 5198 633 5269 lieri,
654 5205 684 5255 et
699 5199 770 5272 quia
786 5216 875 5274 opor·
927 5194 1753 5273 but.dolensquerebatltiautemnesciebat,quomodo

48 5295 88 5344 tet
105 5289 269 5362 precipere,
297 5287 406 5345 servari
432 5287 526 5359 legem
549 5285 642 5360 Moysi
661 5289 765 5361 (ibid).
781 5309 795 5343 a
814 5290 874 5348 Hoc
926 5289 970 5349 vel
987 5288 1022 5348 da
1037 5289 1185 5362 quibusin
1202 5287 1289 5344 eorda
1303 5302 1358 5342 suo
1373 5285 1645 5360 conterebat‘litrgo
1659 5303 1753 5360 nequa

46 5384 110 5435 erat
127 5385 262 5452 parentes
280 5380 350 5435 Jesu
361 5376 539 5442 existimare,
555 5375 731 5436 issumesas
741 5380 770 5435 in
784 5379 873 5437 corni·
928 5397 945 5438 a
959 5379 1080 5450 dextris,
1094 5394 1188 5452 neque
1198 5394 1216 5434 a
1228 5376 1358 5435 sinistris
1367 5391 1465 5433 sermo
1477 5377 1519 5439 ut.
1531 5376 1601 5450 quia
1611 5377 1752 5435 veraciter

45 5468 121 5526 tatu.
137 5466 194 5526 Sed
205 5485 262 5528 non
273 5474 336 5525 erat
349 5467 496 5523 ibilesus.
512 5464 575 5522 lmo
594 5470 657 5523 erat
674 5472 778 5526 stesso
789 5468 874 5528 illum
928 5485 1038 5542 magna
1053 5468 1112 5526 brac
1128 5464 1394 5541 prophetissa,quid
1408 5471 1553 5539 ageretur,
1564 5482 1622 5525 nou
1637 5466 1752 5541 ignore·

44 5557 244 5633 oportebat,in
261 5556 356 5616 medio
367 5555 531 5630 doctorum,
543 5552 645 5615 audire
655 5561 683 5615 st
693 5558 873 5633 interrogare
928 5558 988 5629 bat,
1004 5556 1144 5632 quonium
1168 5555 1263 5631 gratia
1283 5555 1370 5628 plana
1392 5558 1465 5626 arat,
1487 5559 1517 5614 st
1530 5559 1630 5614 umen
1646 5552 1750 5615 doleu‘a
