3826 6014
167 191 249 251 asro
716 180 888 245 nannenus
909 178 1077 261 suaeuis
1099 178 1323 243 sutriensis
1798 177 1876 240 reso

162 314 342 396 ingredietur
356 318 488 377 sacerdos
502 319 533 375 iu
548 315 753 383 sanctuarium,
769 314 842 387 quod
858 320 901 370 est
911 314 985 371 iutra
999 315 1026 383 Α
1040 311 1180 370 irrisione
1195 311 1369 383 hujusmodi,
1385 318 1416 371 ιι
1428 311 1477 369 alii
1492 328 1541 388 per
1567 311 1773 385 penitentiam
1803 325 1876 367 con·

163 418 268 483 return,
285 428 379 469 coram
396 407 589 483 propitiatorio
604 423 659 479 qno
675 406 778 479 tegitur
793 420 870 473 arca,
892 426 907 457 a
931 410 986 460 etc.
1043 403 1128 471 versi,
1151 403 1349 467 remissionem
1375 412 1556 475 peccatorum
1578 401 1722 472 accipiant
1750 402 1782 460 in
1807 420 1874 461 sau·

161 506 297 562 Sacerdos
312 512 336 558 et
354 500 445 557 bostia
469 500 530 571 ipse
554 498 685 555 Christus
708 506 760 564 est,
781 495 840 566 ipse
868 493 987 562 uitulus,
1042 492 1130 565 guine
1144 491 1264 561 Christi;
1286 491 1335 549 alti
1350 493 1563 565 impoenitentes
1587 490 1616 549 in
1633 495 1695 548 suis
1712 493 1875 549 moriantur

162 596 223 669 ipse
238 595 321 660 arios,
337 594 399 665 ipsa
413 600 438 648 et
456 592 562 660 hircus,
577 589 624 645 sed
640 588 752 643 diuerso
776 596 914 656 respectu.
937 588 987 639 Sa·
1044 582 1175 652 peccatis,
1191 589 1219 637 ct
1243 598 1301 639 uun
1318 581 1433 651 prodest
1453 580 1512 639 illis
1526 582 1644 653 sanguis
1669 582 1790 649 Gbristi,
1817 582 1873 638 imo

164 688 264 743 cerdon
293 699 415 753 namque
443 686 498 748 est,
528 679 605 752 quia,
635 677 789 749 spostolus
816 676 895 743 dieii,
925 675 986 745 ipss
1043 681 1229 750 injudicium
1253 682 1329 739 renit
1353 681 1612 754 superessemus
1637 683 1758 752 quidam
1774 696 1872 738 eorum

163 799 177 827 a
194 775 329 831 assistens
344 772 471 829 Pontifex
490 771 647 827 iuturorona
674 768 823 830 bonorum.
848 781 898 836 per
922 779 985 820 am·
1043 768 1385 842 sibimetipsisimprecati
1398 772 1616 839 sunt‚diceutes
1631 789 1664 828 :o
1675 769 1805 841 Sanguis
1814 771 1874 842 ejus

163 865 239 938 plius
254 874 280 921 et
296 864 449 936 perlectius
462 856 676 916 tabernaculum
691 872 749 914 nnn
765 870 849 912 manu
867 854 985 921 tactum,
1042 875 1128 928 aanor
1147 876 1211 930 nas,
1226 868 1253 917 et
1268 875 1356 934 super
1370 859 1444 917 filios
1457 865 1571 918 nostros
1591 859 1703 932 (garta.
1728 862 1830 931 mu).
1855 877 1868 911 s

164 954 192 1011 id
209 963 250 1011 est
267 972 323 1010 non
341 953 424 1023 liujus
448 950 600 1007 creationis
626 963 717 1019 neque
742 961 790 1018 per
814 948 984 1015 sanguinem
1041 949 1086 1005 tiit
1102 964 1168 1013 ereo
1185 966 1192 1007 :
1209 970 1224 1001 α
1239 948 1368 1022 Cumque
1380 949 1661 1009 obtuleritsacsrdos
1684 948 1825 1018 uitulum,
1848 955 1872 1005 et

165 1044 310 1103 hircorum
324 1050 371 1099 aui
386 1041 552 1108 vitulorum,
566 1039 613 1096 sed
631 1053 678 1108 per
701 1036 848 1109 proprium
869 1030 984 1107 sangui·
1042 1035 1160 1095 oraverit
1179 1055 1229 1110 pro
1245 1054 1275 1095 se
1289 1043 1319 1095 ct
1334 1055 1384 1110 pro
1397 1039 1483 1096 domo
1497 1055 1560 1107 sua,
1576 1039 1649 1097 duos
1672 1039 1774 1097 bircos
1796 1046 1870 1095 stare

163 1151 230 1191 nem
245 1134 372 1191 introivit
387 1130 475 1189 semel
492 1129 521 1185 in
538 1134 646 1196 ιιιιιι,
661 1134 767 1183 aeterua
787 1123 984 1192 redemptione
1041 1125 1125 1183 lactet
1139 1142 1235 1185 eoram
1250 1128 1373 1187 ilomiuo
1388 1129 1418 1185 in
1430 1129 1502 1185 ostiu
1513 1128 1693 1185 tabernaculi
1706 1128 1872 1198 testimonii,

162 1227 276 1282 intenta
291 1224 382 1296 (liebr.
401 1224 452 1292 rx),
467 1240 481 1272 s
494 1217 666 1277 sacrificium
682 1213 833 1288 preierens
847 1211 930 1283 panis
956 1214 985 1267 sl
1042 1215 1159 1275 mittens
1172 1232 1257 1288 super
1273 1224 1423 1290 uirumque
1437 1217 1873 1287 sortem‚unaml)0miuo,etai·

161 1315 231 1384 vini,
246 1313 405 1371 secundum
420 1309 550 1367 ordinem
565 1304 775 1364 Melchisedech
790 1302 876 1374 imi·
887 1299 983 1372 οι1)ῑῦ
1040 1319 1129 1371 leram
1139 1316 1387 1385 caproemissariu.
1400 1339 1410 1366 ι
1423 1318 1480 1374 lloc
1494 1318 1532 1374 lta
1543 1317 1650 1374 iactum
1660 1324 1718 1374 est.
1731 1314 1872 1374 volantati

161 1417 341 1472 sacramento
355 1410 482 1483 corporis
496 1416 523 1465 et
537 1404 686 1479 sanguinis
700 1404 754 1461 sul.
771 1401 893 1463 vitutus.
917 1397 984 1469 (tuit
1041 1403 1115 1463 0²7
1133 1403 1225 1461 Petris
1239 1404 1527 1473 obedienssaoerdcs‚
1553 1423 1636 1464 serus
1656 1410 1804 1465 Dominus
1827 1409 1870 1466 Je-

161 1503 235 1561 sicut
249 1518 299 1575 pro
315 1501 407 1569 uobis,
424 1500 464 1556 ita
485 1514 535 1570 pro
558 1496 616 1552 iilis
636 1509 748 1567 quoque
767 1491 895 1561 oportuit
917 1502 982 1545 eum
1040 1506 1090 1548 sua
1103 1491 1250 1562 Christus;
1267 1495 1449 1567 semetipsum
1466 1503 1600 1567 tauquam
1619 1496 1743 1553 situlum
1758 1497 1868 1565 obtulit,

161 1594 229 1669 pati,
244 1592 291 1663 qui
307 1587 444 1662 usquead
459 1589 610 1643 adrentum
634 1585 696 1655 eius
718 1590 862 1653 portantes
884 1579 981 1650 jugem
1040 1587 1068 1635 et
1084 1597 1175 1651 prose
1190 1597 1224 1639 ec
1238 1584 1386 1653 predone
1401 1599 1462 1649 sea.
1478 1600 1539 1657 que
1554 1592 1596 1641 est
1612 1586 1753 1653 Ecclesia,
1769 1588 1869 1653 orarit,

161 1682 242 1749 iecls.
251 1684 324 1749 juste
341 1682 481 1745 aixerunt,
496 1684 524 1733 el
552 1675 651 1731 mundi
682 1673 793 1729 iusrunl
823 1686 872 1740 per
895 1669 1019 1753 justi-B
1042 1672 1156 1740 quando
1172 1671 1468 1743 procidensinleciem
1480 1690 1575 1733 suam:
1588 1673 1757 1743 «beratcr,
1768 1676 1868 1746 inquil,

161 1771 412 1829 tiamirdei.rtries
434 1769 505 1837 ipsc,
536 1763 662 1821 ritaticcr
691 1757 858 1817 immolatus
873 1768 900 1813 et
928 1772 981 1828 pro
1005 1762 1008 1769 '
1036 1774 1060 1815 ιι
1077 1759 1211 1831 possibile
1225 1769 1277 1825 est.
1289 1764 1573 1821 trsnsealameeaiix
1588 1762 1658 1832 iste;
1675 1772 1870 1821 verumtamen

160 1863 295 1919 arietibus
310 1875 433 1931 quoqne,
448 1857 476 1912 id
493 1861 536 1914 est
551 1850 747 1927 proepostolia
761 1851 866 1905 suisde
880 1848 984 1920 quibus
1038 1862 1095 1904 uon
1111 1849 1188 1905 eleut
1204 1865 1256 1921 ego
1272 1851 1345 1918 tolo,
1363 1853 1412 1907 sod
1428 1853 1503 1908 sicut
1517 1861 1559 1921 tu,
1576 1852 1730 1924 iactusque
1754 1853 1785 1909 iu
1807 1868 1870 1923 ago·

162 1952 289 2026 psairnus
303 1952 372 2005 dicit
389 1965 417 2003 z·
434 1947 536 2003 Allante
547 1942 677 2012 barnuino,
689 1939 741 1997 lilii
754 1938 812 2009 ilci,
824 1938 920 1995 alirrte
931 1935 984 1992 no·
1039 1951 1099 2001 uta,
1116 1937 1253 2009 prollaius
1266 1939 1376 2007 orabat,
1392 1948 1420 1997 el
1434 1941 1526 1998 iaetus
1539 1950 1582 1998 est
1594 1944 1685 1999 sudor
1700 1946 1779 2013 ejus,
1800 1942 1870 1998 sicut

162 2043 241 2098 mino
258 2040 332 2095 illios
349 2038 470 2094 arietum
494 2033 581 2105 (Psoi.
606 2034 715 2097 aaran).
741 2052 756 2080 n
779 2027 837 2101 lpsl
862 2039 984 2092 namque
1041 2034 1128 2095 guttae
1141 2028 1289 2099 sanguinis
1304 2029 1481 2087 decurrentis
1496 2030 1525 2088 lu
1541 2036 1645 2088 terram
1665 2034 1746 2102 (tac.
1760 2038 1870 2095 astri.»

159 2128 267 2198 duplici
283 2127 318 2184 de
333 2142 417 2182 causa
432 2131 507 2181 recte
528 2124 629 2178 arietes
650 2117 720 2175 dicti
748 2125 826 2185 sunt,
848 2114 893 2172 uei
916 2117 984 2187 quia
1036 2112 1118 2173 Turro
1133 2116 1181 2172 ubr
1195 2118 1421 2189 comprehensus
1443 2128 1496 2186 est,
1511 2127 1539 2177 et
1562 2120 1676 2190 praesidi
1696 2119 1791 2177 Pilato
1818 2130 1869 2176 tra·

160 2211 585 2274 decessunttotiusllcclesiae.
603 2207 897 2265 sieutariatesduces
916 2210 984 2262 suut
1036 2203 1286 2276 ditqunem,
1308 2207 1481 2280 inquiline,
1503 2209 1591 2265 vultis
1621 2209 1770 2265 dimittam
1791 2209 1869 2265 uobis

160 2306 248 2361 totius
262 2303 366 2370 pronis,
383 2301 425 2356 rel
440 2301 506 2373 quia
530 2300 603 2356 sicul
626 2297 729 2354 arietes
751 2294 863 2351 duobus
885 2293 982 2350 corni·
1035 2293 1193 2355 Barabbam
1209 2301 1695 2370 anlesumquidicituerristusl·
1713 2302 1867 2376 llocpiaus

160 2392 224 2461 bna,
241 2395 281 2448 sic
297 2392 352 2462 ipsi
378 2389 489 2446 duobus
512 2388 688 2444 testamentis
710 2382 903 2457 oppugnantia
928 2381 983 2439 sibl
1034 2384 1089 2441 luit
1103 2396 1208 2444 sortem
1225 2389 1300 2445 mitti
1320 2406 1405 2460 super
1429 2390 1502 2448 duos
1525 2393 1630 2448 bircos.
1653 2396 1767 2448 Hircus
1792 2393 1866 2448 enim

159 2482 339 2553 impugnant,
367 2480 421 2537 hcc
444 2497 460 2534 a
484 2477 591 2547 vitulis,
619 2477 645 2532 irl
671 2484 713 2533 ast
738 2473 774 2530 ab
793 2472 983 2530 anterioribus
1034 2471 1096 2546 ipse
1110 2476 1157 2546 qui
1172 2478 1287 2534 ariesel
1304 2480 1409 2535 situlus
1423 2480 1533 2537 diverse
1553 2490 1698 2552 respectu,
1724 2489 1755 2538 ut
1778 2497 1862 2552 supra

158 2575 265 2630 sanctis
279 2570 452 2634 differentes,
468 2572 540 2641 qnod
555 2569 655 2638 jugum
677 2563 748 2636 legis
772 2580 828 2619 non
857 2566 980 2634 portant,
1034 2566 1229 2622 meminimus.
1246 2590 1260 2617 a
1275 2566 1361 2637 Cujus
1375 2584 1436 2624 sors
1449 2571 1548 2626 exierit
1564 2589 1580 2625 a
1604 2569 1743 2639 Domino,
1769 2571 1862 2641 illum,

158 2684 172 2713 o
190 2663 262 2732 quod
281 2668 495 2729 nequenns,ut
519 2658 558 2712 ait
584 2654 683 2711 Petrus
706 2653 865 2721 spostolus.
889 2665 982 2721 neque
1032 2657 1082 2724 ιιι,
1104 2656 1268 2727 olleratpro
1296 2664 1424 2729 peccalo.
1442 2660 1529 2731 Cuius
1556 2669 1653 2717 autem
1686 2662 1717 2717 in
1746 2676 1860 2733 caprum

157 2757 252 2823 patres
267 2751 354 2805 nostri
372 2758 481 2817 portare
497 2745 641 2818 potuimus
655 2743 722 2816 (Act.
748 2740 805 2815 ar).
830 2764 841 2795 s
870 2738 980 2804 itureos,
1033 2743 1222 2813 emissarium,
1239 2752 1344 2803 ststoet
1363 2754 1649 2806 eumrirumcoram
1675 2749 1814 2817 Domino,
1835 2755 1863 2805 ut

157 2842 218 2910 ipse
233 2839 368 2894 nimirum
386 2854 436 2909 pro
451 2836 520 2900 litis,
536 2849 656 2907 quorum
671 2832 797 2905 gratiora
810 2835 925 2901 peccota
938 2835 981 2881 lu·
1033 2832 1132 2889 tundat
1146 2849 1243 2905 preces
1259 2852 1345 2907 super
1358 2852 1436 2905 eunt,
1449 2845 1476 2897 et
1497 2837 1606 2895 emittat
1625 2839 1712 2897 iilum
1743 2842 1775 2895 in
1799 2837 1864 2895 soii·

157 2936 190 2993 lit
216 2939 276 2993 sire
292 2936 342 3008 qui
357 2947 424 2991 ente
439 2934 591 3001 adrentum
609 2929 670 3003 ejus
693 2928 746 2985 sub
767 2928 829 3001 lege
855 2927 980 2992 inerunt,
1034 2923 1196 2991 saniona.»
1211 2931 1238 2983 ei
1252 2923 1353 2982 bocita
1366 2927 1470 2984 iactum
1482 2935 1536 2984 est.
1547 2927 1635 2991 Quem
1651 2928 1697 2983 iiii
1708 2929 1766 2984 sibi
1778 2929 1863 3000 petie·

156 3027 215 3085 sive
225 3043 295 3097 quos
310 3027 338 3081 ln
354 3027 476 3081 adventu
492 3039 543 3079 suc
558 3021 630 3092 ipse,
646 3019 712 3075 bais
725 3017 804 3087 lepis,
822 3031 870 3087 per
889 3014 980 3084 poeui·
1037 3022 1103 3067 runt
1113 3010 1229 3080 dimitti,
1243 3013 1381 3071 dimissus
1395 3024 1436 3072 est
1451 3015 1520 3083 illis,
1535 3016 1649 3073 scilicet
1661 3016 1811 3074 Berabbss
1826 3020 1863 3072 la·

156 3115 275 3172 tentiam
292 3113 426 3184 suscepit,
443 3111 485 3167 rel
501 3108 631 3179 suscipit,
657 3104 783 3176 qualium
808 3103 981 3160 norissimus
1037 3109 1090 3165 tro,
1104 3099 1200 3158 Jesum
1217 3108 1312 3160 eutem
1328 3103 1502 3169 flagellatum
1523 3107 1638 3163 tradidit
1654 3109 1700 3163 eis
1713 3107 1821 3165 Pilatus
1837 3115 1867 3162 ut

156 3201 229 3259 latro
244 3201 293 3259 ilie
308 3206 362 3268 est,
377 3215 475 3273 quem,
492 3206 522 3254 ut
537 3194 766 3268 supradiximus,
782 3192 811 3249 in
826 3207 911 3249 cruce
927 3206 982 3262 pte-
1031 3189 1257 3262 eruoibgerelur‚
1272 3193 1347 3264 quud
1363 3193 1415 3251 iuit
1440 3194 1548 3251 bircam
1568 3197 1655 3252 sortis
1683 3197 1802 3253 itomiui
1825 3194 1865 3252 oi·

155 3292 295 3346 nitentem
311 3287 445 3359 suscepit.
463 3286 628 3358 lglturcum
643 3279 981 3340 tituloelarietestduu·
1032 3277 1099 3336 ierri
1113 3295 1164 3352 pro
1177 3289 1302 3350 peceato.
1319 3282 1387 3349 Qua
1408 3287 1504 3341 autem
1524 3284 1576 3339 iuit
1597 3281 1728 3342 solitudo
1753 3285 1797 3342 rel
1817 3286 1864 3341 ds·

156 3378 210 3435 bns
225 3378 321 3445 hircis,
339 3382 408 3434 tunc
421 3374 539 3432 accessit
551 3373 683 3432 sacerdos
693 3387 789 3430 coram
799 3370 932 3436 llorniuc.
950 3371 980 3427 in
1031 3377 1150 3437 sertum,
1165 3385 1222 3440 quo
1235 3370 1372 3429 dimissus
1385 3371 1457 3429 abili
1471 3372 1520 3431 ille
1534 3372 1682 3432 Barabbas
1698 3376 1799 3432 latro?
1820 3378 1865 3435 Sic

155 3470 228 3525 ostio
256 3465 434 3524 tubernaculi
464 3463 633 3532 testimonii,
662 3461 779 3535 quando
807 3461 981 3530 Redemptor
1030 3458 1862 3533 enimdrctutuestdebircceruissario:eStatueteuur

155 3567 251 3613 noster
267 3556 302 3611 ad
321 3557 482 3626 passionem
498 3551 585 3619 venit,
601 3575 616 3602 a
635 3550 774 3608 obediens
789 3549 863 3604 Patri
891 3563 980 3619 usque
1029 3548 1124 3602 uiuunt
1141 3562 1237 3604 crrrarn
1251 3548 1384 3615 Domino,
1401 3559 1430 3606 ut
1445 3551 1543 3607 iundat
1559 3567 1659 3622 preces
1675 3571 1767 3628 super
1786 3572 1862 3625 eum,

155 3646 188 3700 ad
212 3654 342 3709 mortcrn,
367 3650 487 3699 mortem
513 3652 606 3697 autern
632 3656 726 3697 crucis
753 3637 887 3711 (Pitilipp.
903 3637 945 3708 u).
964 3657 978 3685 o
1031 3645 1057 3693 et
1073 3636 1183 3693 emittat
1197 3639 1279 3695 illum
1294 3638 1323 3695 iu
1338 3640 1534 3698 solitudinem.
1550 3660 1564 3692 s
1580 3641 1663 3709 Quod
1691 3645 1778 3717 dreit,
1795 3668 1811 3697 s
1836 3649 1864 3702 ut

155 3734 264 3790 Ostium
281 3734 385 3805 qnippe
402 3729 577 3787 talrernsculi
593 3731 684 3786 sancti
707 3735 734 3785 el
759 3731 827 3795 veri,
852 3729 912 3797 ipsa
937 3733 977 3782 est
1030 3733 1131 3790 fundet
1144 3750 1419 3808 auperaumpmm,
1436 3740 1485 3795 „jd
1497 3739 1863 3813 qanqquwmimpm,

154 3823 248 3892 Pli⁸i⁰
264 3822 389 3892 01⁰⁸less
407 3821 610 3888 Re¹¹⁰¹¹¹ltl⁰fl³·
623 3818 655 3874 lit
677 3818 745 3874 “¹⁰¹¹
772 3819 895 3873 mulino
916 3814 979 3871 llll·
1029 3821 1166 3881 sationes.
1185 3823 1255 3881 lietu
1271 3841 1370 3882 rursus
1384 3829 1424 3882 lta
1439 3827 1545 3884 dictum
1560 3835 1603 3887 est
1618 3845 1626 3884 ε
1644 3829 1864 3890 o'l'uucoilerat

153 3927 209 3967 ¹1⁰⁸
224 3911 355 3983 eiusdem
373 3908 523 3981 pas-ionis,
540 3924 597 3979 quo
614 3908 686 3964 lalus
700 3910 761 3979 ejus
778 3922 852 3961 unus
866 3922 900 3961 es
923 3903 977 3960 mi·
1032 3910 1141 3969 hircum
1156 3913 1299 3971 virentem
1314 3924 1343 3972 et
1356 3918 1448 3989 posita
1465 3926 1584 3988 utraque
1599 3934 1690 3977 mersu
1705 3937 1799 3992 super
1819 3939 1862 3979 es·

153 4000 251 4057 litibus
268 4002 365 4056 lairena
382 3998 542 4070 percutiens
556 4000 677 4068 aperuit,
699 3995 807 4065 apertio
835 4001 879 4053 est
901 3994 979 4051 illius
1030 4006 1079 4073 put
1105 4002 1179 4072 ejus,
1208 4004 1380 4061 conliteatur
1407 4021 1509 4063 omnes
1535 4007 1707 4078 iniquitates
1738 4011 1862 4068 liliorum

152 4090 229 4157 ostll,
246 4105 301 4159 quo
314 4088 504 4161 ingredimur,
520 4091 547 4144 et
564 4098 667 4160 preter
690 4087 764 4158 qnod
788 4084 892 4142 ostium
919 4100 976 4140 nou
1029 4091 1127 4159 lsrael,
1143 4101 1170 4149 et
1185 4095 1319 4153 urrirerss
1332 4095 1531 4168 deliotsatque
1544 4106 1664 4168 „ceeia
1673 4115 1862 4172 eorumque
1908 4140 1910 4175 4

153 4184 195 4233 est
208 4176 294 4246 aliud,
312 4192 362 4249 per
376 4178 449 4249 quod
466 4192 618 4250 possumus
632 4175 744 4246 ingredi
758 4174 787 4231 in
803 4174 922 4247 gloriam
942 4174 977 4230 il·
1029 4177 1190 4250 imprecans
1203 4182 1292 4254 capiti
1305 4184 1378 4254 ejus,
1393 4186 1505 4242 emittet
1525 4185 1608 4245 illum
1632 4203 1688 4258 per
1711 4187 1861 4249 hominen
1907 4180 1910 4245 i

153 4264 208 4321 iius
223 4266 346 4323 coelestis
361 4266 525 4323 sanctuarii.
542 4264 600 4324 lios
612 4273 708 4321 autem
723 4270 829 4320 extunc
844 4284 859 4314 a
882 4262 976 4335 regale
1028 4278 1158 4339 paratum
1169 4270 1362 4333 iudesertuus.
1376 4294 1392 4325 a
1403 4275 1483 4342 Quod
1495 4290 1561 4347 ergo
1573 4276 1738 4350 desertum,
1749 4281 1861 4353 reique
1907 4248 1910 4333 s

152 4353 350 4422 sacerdotium,
373 4370 444 4425 gens
464 4357 574 4422 sancta.
597 4352 721 4427 populus
744 4350 974 4425 acquisitionis»
1029 4357 1083 4415 init
1106 4356 1241 4429 solitudo,
1257 4360 1287 4418 in
1303 4377 1388 4433 quam
1412 4363 1534 4421 emimus
1556 4371 1600 4422 est
1624 4365 1679 4424 ille
1705 4368 1861 4436 Barsbbas,

151 4442 243 4500 0ff⁰⁰¹i
257 4442 281 4514 i!
291 4444 357 4498 Pell·
371 4443 415 4515 u.)
989 4421 1124 4504 [latreus
1140 4448 1286 4521 reprobus,
1308 4451 1392 4509 malis
1414 4452 1546 4525 precibus
1569 4455 1641 4511 diris
1661 4473 1757 4531 super
1780 4467 1861 4533 capul

183 4535 973 4609 osuscipiet.lnqrrit‚abuniversamultitndlnefiliorum
1028 4551 1111 4592 suum
1127 4540 1562 4611 coopertusimprecaticnibusi
1576 4545 1725 4605 Nimirum
1743 4548 1798 4607 ills
1818 4567 1858 4608 so·

149 4627 235 4685 lsrncl
249 4629 320 4686 duos
336 4629 429 4684 hircos
445 4638 635 4699 proponente,
652 4636 679 4685 et
695 4642 784 4682 unum
800 4625 917 4682 arietem
937 4625 967 4681 iu
1027 4622 1119 4682 illudo
1135 4626 1206 4684 iilud
1224 4636 1266 4684 est
1280 4629 1436 4697 desertum,
1456 4633 1532 4702 quod
1548 4631 1674 4704 intelligi
1689 4647 1810 4708 oportet
1833 4639 1860 4697 ιι

149 4717 356 4774 holocaustum.
373 4717 499 4789 Cumque
513 4717 648 4774 olrtulerit
659 4714 790 4781 vitulum,
804 4738 818 4765 o
827 4720 882 4772 etc.
893 4718 974 4770 Unus
1027 4717 1119 4771 verbis
1133 4716 1205 4787 istis,
1221 4733 1282 4789 que
1302 4719 1435 4775 sacerdos
1459 4718 1508 4777 ilie
1532 4722 1705 4792 predixerat
1723 4743 1732 4781 :
1752 4749 1769 4777 «
1792 4729 1860 4787 neae

148 4807 251 4861 titulus
267 4814 295 4863 et
311 4811 482 4875 mensarios,
499 4806 564 4876 quia
581 4805 861 4876 videlicetJustorum
888 4811 972 4874 atque
1026 4803 1201 4877 relinquetur
1229 4808 1308 4862 tobis
1340 4807 1443 4864 domus
1477 4819 1567 4865 restra
1597 4810 1714 4869 deseris
1758 4816 1858 4885 (ιιιιι.

147 4903 310 4951 sanctoruni
325 4898 484 4959 bonnnum.
502 4903 615 4966 propter
630 4910 748 4962 uiuorum
771 4894 970 4966 imperiectam
1025 4896 1118 4960 ι-ιιι).
1135 4912 1150 4941 a
1166 4893 1769 4971 praemissisimprecationrbushujusmodi
1785 4922 1819 4961 :a
1833 4906 1859 4963 lll

143 4985 283 5055 iustitiam
300 4988 357 5042 sire
373 4986 565 5049 sanctitatem.
582 4985 725 5040 christum
743 4993 878 5052 tanquam
890 4984 969 5040 vitu·
1023 4998 1048 5040 r·
1060 4982 1120 5039 niat
1134 4998 1219 5053 super
1234 4999 1283 5040 ros
1298 4985 1393 5041 oannis
1408 4988 1525 5059 sanguis
1536 4992 1643 5061 iustus,
1670 4994 1724 5064 qui
1752 4996 1859 5055 censer

144 5072 215 5140 lum,
232 5074 350 5131 elveiut
375 5082 491 5131 arietem
517 5074 572 5145 pati
598 5074 656 5129 sire
680 5071 822 5128 immolari
846 5073 970 5143 oportuit
1023 5083 1065 5127 est
1081 5083 1283 5149 superterram
1307 5089 1326 5128 s
1349 5076 1491 5143 sauguine
1514 5078 1584 5135 Abel
1605 5079 1680 5149 justi
1709 5099 1809 5157 usqne
1829 5085 1860 5143 et

145 5166 330 5236 quoniamst
355 5166 378 5220 si
410 5164 531 5236 propriis
547 5164 590 5218 rcl
614 5161 774 5219 actualibus
799 5163 970 5221 criminibus
1023 5163 1193 5233 sanguinem
1207 5160 1361 5232 Zachariae,
1378 5162 1430 5221 illii
1444 5163 1596 5236 barachie,
1609 5183 1699 5238 quem
1713 5176 1860 5235 occidens

144 5270 201 5309 nnn
217 5262 297 5309 erant
313 5253 456 5325 impliciti,
474 5260 589 5323 peccato
608 5255 705 5307 tanuen
729 5251 864 5327 originali
889 5259 967 5310 tenc.-
1023 5248 1096 5307 inter
1111 5247 1249 5320 templum
1264 5255 1293 5307 et
1307 5251 1404 5311 altare.
1420 5255 1511 5313 Amen
1532 5255 1596 5312 dico
1622 5258 1722 5329 nebus,
1746 5266 1858 5323 venient

142 5338 245 5397 bantur
271 5341 403 5410 obnoril;
434 5340 513 5395 nulla
541 5338 672 5405 dualitas,
688 5339 768 5396 nulia
795 5340 897 5397 divisio
926 5350 969 5403 est
1021 5340 1201 5399 haecomnia
1227 5356 1313 5417 super
1341 5343 1554 5415 generationem
1588 5345 1679 5406 istam
1709 5352 1856 5428 (ibidis

141 5429 190 5484 sed
206 5446 306 5486 ornnes
321 5444 410 5485 unum
425 5436 503 5486 sunt.
520 5426 616 5494 Porro,
629 5425 701 5483 birci
717 5426 774 5483 duo
793 5435 869 5499 sunl,
892 5436 967 5507 sprte
1022 5426 1212 5517 {eredeserta
1226 5430 1338 5507 domus,
1349 5446 1436 5509 quam
1450 5434 1575 5507 deseruit
1586 5436 1680 5511 selue,
1694 5456 1797 5519 qum
1813 5446 1856 5505 qq·

141 5519 303 5588 separandi,
328 5518 394 5591 quia
412 5515 659 5591 peccatores-sive
684 5513 767 5595 impii
790 5514 873 5577 dirisi
899 5524 966 5579 sunt
1019 5519 1110 5578 seruit
1124 5518 1402 5604 beus,et1lnmiuus
1423 5514 1505 5607 iestis
1528 5502 1672 5609 Obsistus,
1698 5530 1787 5595 ineu
1810 5535 1857 5595 ιι.
