3826 6014
98 214 176 279 {073
793 212 998 276 contient.
1022 213 1064 274 ΙΝ
1084 214 1165 277 tue.
1328 270 1332 276 .
1723 218 1806 279 tute

97 351 290 418 custodiente,
306 349 350 406 vel
366 351 401 406 ad
419 350 653 422 regenerandum
669 348 848 406 illiosAdam
859 365 923 406 aua·
937 349 965 416 Α
980 348 1036 406 solt
1052 374 1066 405 a
1081 348 1204 405 abstulit
1215 347 1361 421 judicium
1379 366 1490 420 meum,
1505 352 1534 406 et
1547 350 1804 425 Omnipotens,qui

98 440 235 510 cipiante,
256 439 373 496 dextera
388 438 453 510 ejus
474 453 638 510 «egressus
653 437 702 510 [ol.
719 435 854 508 eductus]
878 439 923 494 est
976 438 1012 493 ad
1029 439 1253 495 antaritudinem
1268 439 1393 495 adduxit
1408 440 1538 495 animam
1555 456 1678 507 meam‚»
1694 443 1802 511 dendo,

100 529 220 584 coluber
236 532 398 597 tortuosus,
416 549 430 577 u
446 526 474 581 id
490 532 534 583 est
548 528 657 597 ejectus
672 533 716 583 eat
729 527 765 581 de
781 527 855 582 atrio
872 543 923 583 auo
975 527 1110 586 videlicet
1126 528 1291 600 percussori
1308 546 1371 584 meo
1386 534 1559 602 potestatem
1573 532 1804 604 justamqnsm·

101 619 186 674 sortia
198 626 326 673 armatus
341 615 486 673 diabolus.
504 615 556 680 Oui
581 617 646 672 ideo
672 616 793 673 coluber
817 622 926 674 tortuo·
975 618 1019 674 vis
1034 619 1153 675 babenti
1168 620 1350 677 voluntatem
1364 620 1526 691 injustam3
1543 625 1645 692 testor,
1670 623 1804 694 inquam,

100 725 151 764 sus
165 707 283 775 dicitur,
296 707 366 779 quia
383 724 434 779 per
449 707 602 763 colubrum
621 707 733 779 accepit
761 707 924 763 humanum
976 707 1132 776 viventem,
1148 713 1240 764 testor
1252 707 1503 782 Omnipotentem,
1520 738 1532 765 a
1549 710 1619 780 quia
1643 710 1735 766 donec
1756 728 1805 768 eu-

100 815 205 872 genue,
223 813 311 870 quem
327 805 354 854 et
371 796 479 853 idcirco
505 798 614 852 intrare
642 796 805 869 permissus
825 802 880 866 set,
893 801 925 853 ut
977 802 1074 869 perest
1090 797 1212 864 balitus,
1230 829 1242 853 n
1257 798 1285 852 id
1302 803 1357 869 est,
1372 799 1509 855 discretio
1526 798 1632 854 boniet
1643 799 1725 866 mali,
1740 821 1755 850 «
1772 800 1802 858 in
1851 867 1854 877 Χ

99 905 135 944 ox
150 887 214 958 ipso
230 903 297 942 vase
312 891 545 958 cognosceretur,
562 885 658 957 qualis
670 886 732 958 ipse
745 890 800 950 est,
814 886 925 942 scilicet
977 902 1041 954 me;
1059 886 1192 958 sequitur
1206 886 1284 942 enim
1301 903 1308 943 r
1327 916 1339 942 a
1356 893 1384 943 et
1409 889 1530 960 spiritus
1554 887 1604 944 Dei
1627 888 1656 944 in
1682 890 1802 947 naribus

99 980 251 1032 tortuosus
267 979 296 1030 et
311 973 441 1029 lubricus
455 999 462 1042 ;
478 978 637 1041 tortuosus,
657 974 727 1045 quie
752 973 782 1028 in
803 973 924 1029 veritate
977 978 1115 1041 meis‚»id
1127 985 1170 1035 est
1183 979 1337 1052 inspiratio
1356 981 1403 1036 Dei
1415 982 1444 1035 in
1459 996 1581 1036 munere
1606 979 1802 1049 discretionis,

99 1081 157 1120 non
175 1064 275 1132 stetit,
295 1063 437 1131 lubricus,
468 1063 538 1134 quia
566 1064 591 1119 si
616 1062 719 1136 primae
743 1061 922 1134 suggestioni
976 1066 1114 1122 discretio
1129 1084 1256 1140 namque
1269 1070 1298 1125 in
1314 1069 1466 1141 Scriptura
1477 1087 1561 1126 sacra
1575 1085 1628 1143 per
1643 1087 1748 1127 nasum
1761 1087 1803 1130 so·

99 1154 231 1224 ejusdem
249 1170 306 1208 non
332 1152 489 1221 resistitur,
513 1157 633 1224 repente
657 1157 737 1208 totus
761 1152 797 1208 ad
820 1151 924 1207 intima
976 1155 1016 1212 let
1032 1154 1204 1228 significari,
1220 1158 1366 1228 quandiu,
1383 1158 1517 1230 inquam,
1544 1163 1678 1230 superest
1705 1160 1734 1216 in
1755 1177 1802 1218 ms

99 1244 218 1312 mentis,
236 1245 307 1299 dum
323 1260 380 1298 non
397 1243 533 1309 sentitur,
550 1241 691 1297 illabitur.
976 1243 1069 1300 virtus
1084 1246 1270 1302 discernendi
1285 1247 1360 1303 inter
1376 1247 1483 1303 bonum
1501 1256 1528 1304 et
1542 1247 1664 1306 malum.
1859 1245 1861 1249 ⁴
1889 1230 1892 1235 ¹

136 1337 223 1389 Vens.
236 1333 280 1389 ll.
291 1365 325 1375 -
336 1333 409 1389 Ecce
421 1332 526 1387 bacea
538 1338 621 1403 parte
632 1331 711 1387 dicta
729 1331 923 1388 suutviarum
1012 1336 1099 1388 Vens.
1114 1334 1141 1389 l.
1158 1365 1191 1376 -
1208 1363 1219 1388 a
1236 1335 1298 1391 Non
1315 1334 1474 1407 loquentur
1490 1335 1568 1393 labia
1584 1354 1649 1393 mea
1663 1337 1801 1410 iniquita·

98 1426 175 1496 ejus,
190 1423 218 1478 id
235 1429 281 1479 est
295 1422 479 1479 tortitudinis
494 1427 524 1478 et
535 1421 686 1494 sepientis
701 1423 775 1493 ejus,
792 1425 923 1478 «etcum
976 1426 1047 1493 tem,
1061 1448 1073 1472 ιι
1090 1427 1120 1479 et
1135 1430 1166 1478 ut
1182 1422 1313 1495 apertius
1330 1424 1476 1498 intelligas
1490 1441 1579 1497 quam
1604 1425 1800 1498 iniquitatem,

97 1513 146 1571 via
162 1529 279 1586 parvam
297 1511 408 1569 stillam
421 1529 590 1569 sermonum
612 1511 676 1583 ejus
698 1510 892 1580 audierimus,
909 1532 924 1562 a
978 1511 1166 1584 anaclingun
1182 1512 1771 1584 mea.inquit,meditahiturmendacium.
1785 1535 1799 1565 a

98 1602 490 1675 scilicethacpauce,qoe
519 1602 555 1658 de
584 1601 678 1673 primo
707 1601 835 1657 adventu
860 1601 925 1671 ejus
976 1597 1131 1671 Vide,quia
1145 1599 1201 1657 hoc
1212 1600 1481 1673 estblespbemiam
1498 1602 1594 1659 dicere
1613 1602 1643 1658 in
1657 1601 1797 1675 Spiritum

98 1693 269 1766 prophetico
285 1691 391 1764 spiritu
407 1690 654 1763 praenuntiamus,
676 1712 690 1742 e
726 1690 794 1762 quia
817 1690 923 1763 poterit
938 1723 960 1788 B
975 1695 1123 1756 sanctum,
1134 1689 1239 1746 hebere
1251 1691 1326 1747 dono
1336 1690 1464 1763 Spiritus
1476 1691 1570 1747 saneti
1592 1692 1797 1749 discretionem

97 1783 260 1839 tonitruum
277 1781 489 1854 magnitudinis
503 1779 582 1836 illius
598 1779 717 1849 intueri,
732 1802 747 1831 a
763 1780 792 1835 id
809 1783 854 1836 est
868 1796 915 1835 so·
975 1779 1083 1835 boniet
1099 1779 1180 1848 meli,
1196 1784 1225 1835 st
1239 1779 1357 1853 cognito
1372 1780 1508 1837 videlicet
1519 1781 1705 1837 mendacium
1716 1797 1799 1837 econ·
1898 1850 1904 1857 η

95 1889 202 1930 norum
217 1876 303 1944 atque
318 1870 478 1927 terribilem
495 1871 656 1928 secundum
672 1870 829 1926 adventum
854 1870 918 1940 ejus
973 1875 1018 1927 tra
1033 1870 1160 1928 scienter
1175 1870 1338 1927 machinari
1355 1873 1431 1944 quod
1450 1872 1561 1929 iaciunt
1575 1872 1714 1930 heretici.

94 1963 378 2021 tolerareiparvarn
407 1961 485 2019 enim
517 1962 628 2018 stillam
662 1978 832 2018 sermonum
853 1963 917 2032 ejus
1009 1959 1590 2029 Vaasb.-crtbsitame,asubaudi
1619 1961 1795 2034 boapeoca-
1859 1962 1863 1969 '

95 2052 226 2126 appellat
241 2051 374 2107 notitiam
392 2051 478 2122 primi
494 2051 723 2122 adventusejus,
736 2050 807 2123 quia
821 2049 919 2106 videli-
974 2049 1686 2121 tumantJustosvosesssjudicem,»scilicet
1715 2051 1796 2108 ineu
1879 2066 1884 2075 ·

95 2148 143 2201 eet
158 2141 300 2214 quidquid
317 2140 446 2197 terribile
466 2141 501 2196 de
525 2140 589 2211 ejus
610 2139 843 2196 consideratione
867 2155 919 2212 per
974 2139 1053 2212 quod
1069 2140 1104 2195 ad
1122 2155 1252 2212 presens
1267 2139 1393 2212 pertinet
1407 2140 1566 2212 negotium,
1584 2141 1656 2197 dum
1685 2157 1738 2198 vos
1761 2141 1797 2198 eb

97 2231 398 2306 primumadrentum
429 2230 644 2302 cognoscimus,
676 2233 792 2285 tantum
822 2229 916 2285 estad
972 2227 1797 2301 eventuternporaliamcommodornmsiveincommodo·

97 2321 347 2393 comparationem
375 2320 583 2375 immensitatis
609 2323 786 2375 secretorum
817 2317 919 2374 coeles-
973 2317 1646 2390 rum,pensandaestimatismeritabonorum,
1662 2317 1799 2374 siverun-

98 2411 184 2476 tium,
209 2427 273 2482 qum
309 2425 359 2481 per
388 2409 547 2464 secundum
581 2409 737 2464 adventum
767 2407 920 2464 revelanda
972 2405 1797 2480 lorumtiamsivosinhecsententiajuatosjudiee-

98 2504 178 2567 sunt,
195 2505 334 2571 tanquam
351 2499 375 2555 si
393 2497 496 2571 grandi
512 2497 737 2570 tonitruoparva
748 2496 829 2554 stilla
843 2513 920 2554 com·
973 2512 1046 2564 rem,
1064 2511 1213 2568 peccarem
1230 2496 1409 2562 mentiendo,
1423 2512 1481 2553 non
1501 2496 1596 2553 solum
1613 2501 1716 2555 contra
1730 2513 1797 2554 oon·
1900 2512 1907 2575 ᾗ

97 2598 225 2663 paretur.
972 2584 1124 2643 scientiam
1143 2600 1249 2656 meam,
1266 2586 1315 2640 aed
1331 2589 1360 2640 et
1374 2589 1477 2641 contre
1491 2589 1610 2642 sanctos
1624 2585 1797 2658 omnes,qui

134 2683 197 2734 Ger.
214 2677 323 2746 lllivll,
339 2694 416 2733 vene
435 2678 461 2733 l.
473 2707 506 2717 —
522 2703 536 2735 a
566 2675 686 2733 Addidit
701 2691 817 2747 quoque
837 2674 918 2732 Jobs
973 2691 1040 2731 oum
1053 2674 1220 2746 justificent
1234 2691 1285 2731 cor
1301 2691 1400 2743 sunm,
1416 2680 1445 2731 et
1460 2674 1557 2732 lavent
1571 2676 1647 2733 inter
1660 2676 1798 2734 innocen·

97 2767 238 2834 subaudi,
255 2772 410 2839 postquem
428 2763 464 2820 ad
490 2781 522 2820 eu
536 2779 665 2835 congrue
681 2761 842 2835 rsepondit,
858 2777 921 2834 qttae
971 2771 1016 2825 tes
1032 2781 1137 2822 manus
1152 2782 1233 2835 sues,
1250 2765 1436 2838 flagellentur
1451 2771 1549 2823 tamen
1565 2770 1627 2824 toto
1642 2767 1736 2835 dieat
1750 2784 1797 2824 ca⁴
1867 2840 1871 2845 Ι

96 2856 207 2914 Baldad
223 2856 251 2910 in
266 2853 474 2911 contumeliam
491 2853 556 2925 ejus
571 2852 692 2909 dixerat.
705 2852 822 2908 Dixerat
842 2851 920 2906 enim
972 2857 1091 2928 stigatio
1106 2871 1208 2913 eorum
1223 2855 1253 2910 in
1270 2854 1425 2911 matutinis
1439 2854 1530 2928 (Paul.
1546 2856 1643 2926 exart),
1656 2856 1683 2911 id
1708 2861 1753 2912 eat
1766 2856 1797 2912 in
1902 2862 1906 2871 '

97 2943 646 3017 delortitudinsDei,quaprincipem
676 2943 827 2999 discordie
857 2942 920 2999 dia·
971 2943 1591 3018 prasenti«quandoiucipitjndiciumde
1611 2945 1798 3016 domoDei(l

97 3039 198 3094 bolum
213 3038 248 3093 de
263 3035 443 3092 sublimibus
466 3032 605 3090 coelorum
629 3032 760 3104 projecit,
777 3031 828 3104 qui
851 3032 919 3089 lacit
935 3072 957 3141 c
976 3039 1034 3092 Pet.
1051 3034 1100 3106 iv).
1118 3054 1130 3085 a
1148 3033 1242 3105 absit,
1259 3033 1402 3106 inquam:
1420 3050 1434 3080 e
1450 3038 1545 3089 Donec
1569 3034 1715 3100 deliniam,
1730 3056 1744 3082 n
1768 3034 1797 3091 id
1884 3082 1887 3087 ,

97 3127 282 3184 concordiam
299 3125 327 3181 in
343 3124 523 3181 sublimibus
548 3123 611 3180 sais
636 3127 665 3179 et
679 3127 792 3191 cetera,
809 3126 838 3179 et
855 3123 920 3178 bea·
977 3123 1382 3197 estquandiullammentem
1410 3121 1440 3179 in
1470 3139 1517 3179 me
1541 3122 1798 3182 habeboveritatis
1848 3144 1852 3153 ·

97 3221 146 3273 tus
161 3216 217 3274 Job
232 3215 424 3287 responderat
438 3212 609 3284 prophetice
624 3212 660 3266 ds
681 3213 780 3267 eedem
805 3211 921 3268 fortitu·
976 3214 1140 3285 lucernam,
1157 3238 1170 3264 a
1186 3230 1243 3269 non
1260 3213 1393 3269 recedam
1410 3214 1445 3270 eb
1459 3214 1626 3270 innocentia
1641 3229 1716 3282 mea,
1734 3236 1748 3264 u
1769 3215 1798 3271 id
1860 3244 1863 3249 ·
1891 3208 1894 3213 ’

99 3305 167 3362 dine
182 3303 270 3361 simul
286 3307 315 3359 et
329 3300 484 3374 sapientia,
501 3316 560 3371 qua
575 3298 709 3356 eumdem
725 3298 875 3356 diabolum
887 3300 923 3356 de
977 3309 1023 3361 est
1039 3302 1110 3358 nihil
1126 3307 1229 3360 contra
1245 3303 1399 3359 veritatem
1415 3303 1548 3360 eamdem
1568 3302 1673 3376 loquar
1698 3302 1800 3376 lingua
1895 3292 1907 3347 ’ἶ

99 3396 238 3452 cordibus
253 3407 371 3465 quoque
387 3389 541 3446 bornicum
557 3404 632 3460 quos
651 3386 749 3460 elegit,
776 3389 924 3459 ejecturus
978 3391 1090 3448 dolosa.
1295 3402 1298 3407 '

101 3474 923 3551 erat.hdbrec,inqoam,addiditathletefortissimus,
1013 3481 1452 3538 Vaas.6.-Justilioationem
1485 3499 1592 3552 meam,
1610 3499 1699 3554 quam
1725 3483 1799 3556 coepi
1903 3486 1907 3492 '

101 3573 248 3646 superatis
264 3570 372 3642 triplici
388 3581 548 3639 congressu
565 3563 648 3637 quasi
665 3565 760 3621 tribus
780 3564 922 3636 gladiato·
978 3573 1089 3638 tenere,
1103 3591 1117 3624 a
1133 3568 1271 3633 subaudi,
1288 3569 1324 3624 ab
1340 3569 1460 3626 ineunte
1475 3568 1708 3635 aetate‚videlicet
1723 3587 1800 3626 nun·
1892 3582 1896 3589 ·

101 3665 183 3720 ribus
198 3664 292 3717 victor
304 3659 333 3713 in
352 3656 448 3713 media
463 3656 625 3710 consistens
645 3671 745 3723 arene,
767 3654 922 3709 virtutum·
978 3674 1066 3729 quam
1083 3658 1263 3714 adversando
1279 3656 1392 3713 veritati
1410 3659 1480 3714 mibi
1497 3658 1630 3731 cognite,
1647 3675 1728 3713 enon
1745 3659 1799 3714 de.

101 3770 158 3825 que
174 3765 305 3812 enarum,
323 3747 431 3819 quibus
451 3744 578 3811 vicisset,
602 3759 685 3799 arma
709 3743 924 3815 spectatoribus
978 3763 1086 3815 seram,
1101 3769 1114 3797 »
1126 3746 1251 3802 subaudi
1264 3748 1460 3803 vestravictue
1473 3746 1659 3802 contentione
1670 3747 1801 3818 empliu-

101 3841 258 3898 ostendens
274 3854 372 3893 aurea.
388 3835 507 3891 Addidit
530 3849 599 3906 ergo
624 3849 779 3889 assumens
799 3833 923 3905 parabo·
978 3852 1079 3908 quem,
1095 3840 1203 3893 tenere.
1222 3860 1234 3886 e
1250 3835 1349 3907 Neque
1364 3834 1441 3891 enim
1459 3835 1647 3906 reprehendit
1677 3851 1723 3890 ms
1751 3852 1801 3892 cor

101 3930 160 3985 lam
173 3944 269 3994 suam,
285 3942 342 3981 non
357 3925 458 3996 utique
491 3922 610 3996 aliquod
638 3921 755 3978 mustea
779 3938 922 3994 organum
979 3941 1077 3981 meum
1094 3925 1124 3982 in
1140 3923 1220 3981 omni
1236 3924 1293 3979 vita
1308 3940 1383 3981 mea.
1398 3943 1410 3968 u
1424 3923 1486 3980 Non
1502 3924 1566 3978 dico
1581 3925 1701 3996 quidem
1721 3925 1801 3996 quod

101 4020 180 4094 quod
195 4017 359 4091 appelletur
374 4014 523 4088 parabola,
553 4014 667 4070 musica
695 4014 773 4069 enim
798 4013 827 4068 in
842 4011 922 4068 luctu
978 4030 1131 4086 nunquam
1145 4011 1400 4084 peccaverim,cnm
1415 4016 1443 4067 et
1454 4029 1543 4083 supra
1553 4012 1677 4068 dixerim
1690 4030 1697 4069 :
1711 4032 1724 4058 κ
1735 4013 1802 4071 Pec-

102 4111 272 4182 importuna
290 4105 416 4162 narratio
440 4109 493 4170 est,
510 4103 561 4160 sed
590 4101 760 4176 parabolam
782 4118 877 4170 suern,
893 4101 922 4157 id
979 4101 1800 4175 cavi‚quidiaoiamtibi,onustoshominnm(lobon),
1887 4114 1890 4119 ·

101 4206 146 4257 est
162 4200 205 4255 sui
223 4195 460 4263 similitudinem,
477 4191 611 4248 videlicet
635 4192 723 4248 verba
748 4191 855 4264 quibus
877 4208 924 4263 pa·
978 4193 1128 4248 etiterum
1149 4215 1160 4240 ι
1178 4191 1201 4245 si
1218 4190 1296 4246 lotus
1312 4190 1392 4246 luero
1405 4191 1489 4262 quasi
1502 4189 1587 4262 aquis
1599 4189 1686 4258 nivis,
1703 4197 1800 4247 tamen
1885 4210 1907 4259 ,·

102 4288 228 4345 raboiiee
244 4286 341 4341 divina
356 4284 484 4355 loquitur
500 4281 649 4355 mysteria,
666 4286 775 4337 statum
792 4280 923 4337 Ecclesia
979 4280 1115 4338 sordibus
1131 4279 1259 4352 intinges
1274 4296 1332 4346 me,
1349 4288 1377 4336 et
1393 4280 1644 4336 abominabuntur
1660 4297 1704 4336 me
1713 4279 1799 4336 vesti·

100 4379 197 4433 insua
213 4373 333 4430 uberius
349 4373 518 4429 describens
541 4388 675 4445 persona,
709 4372 796 4443 plena
824 4374 923 4426 tamen
979 4368 1800 4442 mentamealtob.rx),aedhoodico,quodnunquam
1902 4442 1905 4447 .

99 4468 247 4524 locutione
263 4482 316 4522 suo
335 4480 414 4519 more
430 4464 572 4519 inchoans
589 4479 596 4518 :
942 4437 963 4500 ὓ
979 4458 1076 4514 sciens
1092 4474 1158 4514 rere
1172 4459 1336 4515 econtrario
1352 4457 1467 4514 locutus
1484 4456 1634 4524 simlalsa,
1650 4456 1705 4530 vel,
1721 4458 1799 4530 quod

136 4552 457 4624 vens.2,3.-lvtvit
476 4550 798 4619 Dominus,»subaudi
816 4551 923 4622 dequo
977 4548 1091 4619 agendo
1107 4548 1187 4604 male
1201 4548 1405 4605 simulaverim
1419 4547 1504 4618 bone,
1534 4547 1700 4620 fuerimque
1723 4548 1801 4605 sicut

101 4647 175 4702 dixit
188 4646 343 4718 insipiens.
360 4647 423 4698 Non
440 4647 484 4698 est
498 4642 587 4708 Deus,
605 4643 656 4696 ant
670 4638 924 4708 eieat,resbume·
977 4653 1056 4693 nunc
1077 4636 1251 4710 opinamini,
1280 4637 1442 4710 hypocrite.
1475 4637 1513 4691 lle
1541 4636 1725 4708 hujusmodi,
1754 4638 1800 4694 ln·

101 4755 155 4795 nas
171 4752 275 4793 curere
290 4750 348 4789 non
377 4736 420 4787 est
448 4727 623 4795 credendus,
646 4744 712 4785 com
738 4743 815 4800 sepe
839 4728 924 4783 bonis
976 4742 1063 4798 quam
1080 4743 1138 4782 non
1155 4726 1341 4798 reprehendit
1357 4741 1404 4782 me
1420 4740 1469 4781 cor
1485 4741 1583 4781 meum
1599 4726 1629 4782 in
1645 4725 1726 4781 omni
1743 4726 1800 4784 vitu

102 4825 191 4888 mela,
207 4829 236 4881 et
252 4822 338 4879 malis
354 4820 492 4875 eveniunt
503 4819 587 4873 bona.
598 4832 612 4865 e
623 4816 699 4873 Vivit
720 4817 851 4888 inquam,
867 4815 924 4873 Do·
978 4831 1051 4872 mee.
1069 4818 1130 4870 imo
1148 4830 1155 4870 :

101 4916 200 4973 minus
213 4912 324 4985 mensi,
336 4933 348 4956 a
371 4910 459 4964 idest
479 4912 570 4964 testor
592 4907 735 4962 viventem
747 4905 798 4978 qni
813 4915 856 4963 est
871 4907 925 4963 Do·
1012 4904 1100 4961 Vsas.
1110 4905 1176 4961 7.-
1189 4902 1258 4959 «sit
1271 4906 1303 4958 ut
1313 4901 1426 4976 impius
1436 4902 1576 4959 inimicus
1589 4920 1683 4973 meus,
1700 4907 1728 4959 ct
1746 4907 1798 4961 ad·

101 5005 213 5070 minua,
229 5021 242 5052 a
256 5001 305 5073 qui
319 4996 440 5055 abstulit
451 4996 737 5068 judiciummeum,s
750 4994 923 5052 subaudide
976 4994 1125 5051 versarius
1142 5009 1225 5049 meus
1239 4991 1323 5064 quasi
1340 4991 1469 5064 iniquus.
1488 5013 1502 5042 »
1514 4993 1586 5048 acsi
1602 4992 1700 5050 dicat:
1720 4992 1799 5052 rideo

100 5111 150 5150 ore
165 5091 329 5155 hominurn,
346 5093 379 5143 nt
393 5090 495 5143 contm
509 5086 586 5157 quod
603 5084 696 5141 merui
713 5100 759 5140 me
770 5100 848 5140 nuno
860 5085 922 5156 opi·
977 5099 1035 5139 non
1052 5097 1118 5138 aum
1134 5081 1286 5155 hypocrita
1300 5083 1343 5136 vel
1357 5081 1467 5154 impius
1479 5082 1555 5136 sieut
1579 5097 1630 5139 vos
1653 5084 1798 5150 astruitis,

101 5190 209 5239 nentur
224 5195 289 5235 esse
305 5174 501 5248 impium,qui
515 5173 648 5239 abstulit,
661 5172 847 5244 inquam,qui
864 5188 922 5228 non
977 5169 1800 5244 ntquicunqneinimicusvetadversariusmeusastpius

101 5272 279 5342 dedignatur
290 5261 797 5335 bumanecurare,sicutinsipientes
809 5266 921 5333 putant,
976 5260 1021 5318 vel
1035 5276 1138 5332 aequus
1152 5275 1283 5316 essenon
1301 5260 1459 5332 possit,sed
1472 5261 1577 5332 potius,
1591 5262 1666 5331 quod
1679 5260 1798 5331 opposi-

101 5357 151 5431 qui
162 5358 294 5412 videntes
304 5367 403 5425 pacem
416 5348 693 5421 peccatorumzelati
704 5354 774 5405 sunt
784 5370 797 5394 α
808 5348 921 5404 etdixe·
976 5356 1039 5407 tum
1055 5354 1100 5406 est
1113 5348 1171 5420 pio,
1186 5350 1214 5404 td
1231 5354 1276 5405 est
1289 5349 1400 5421 impius
1414 5347 1459 5404 vel
1481 5350 1600 5421 iniquus
1617 5347 1665 5403 ait.
1683 5347 1798 5405 Poterat
1895 5422 1898 5426 .

102 5453 172 5505 runt
187 5444 354 5512 :Quomodo
366 5441 423 5496 scit
437 5444 525 5505 Deus,
539 5445 567 5495 et
582 5438 607 5494 si
619 5444 665 5493 est
685 5437 807 5494 scientie
822 5437 852 5493 in
868 5437 921 5495 lla·
976 5440 1149 5508 dixissesne
1161 5438 1268 5510 potius,
1284 5440 1333 5511 qul
1344 5437 1417 5494 milri
1429 5437 1636 5506 adversamini,
1652 5437 1734 5508 impii
1751 5437 1794 5494 vel

101 5534 275 5604 celso(Prol.
293 5529 480 5601 sarrit-aed
504 5544 570 5584 oum
599 5526 722 5584 consilio
752 5527 832 5599 quod
859 5527 922 5603 ipse
975 5530 1069 5602 iniqui
1084 5528 1380 5586 estis.Sedhumilius
1394 5527 1592 5594 elocutuseet,
1607 5533 1752 5600 quomo-lo
1766 5535 1796 5586 et
