<?xml version="1.0" encoding="UTF-8"?>
<!DOCTYPE html PUBLIC "-//W3C//DTD XHTML 1.0 Transitional//EN"
    "http://www.w3.org/TR/xhtml1/DTD/xhtml1-transitional.dtd">
<html xmlns="http://www.w3.org/1999/xhtml" xml:lang="en" lang="en">
 <head>
  <title>
</title>
<meta http-equiv="Content-Type" content="text/html;charset=utf-8" />
  <meta name='ocr-system' content='tesseract 3.04.00' />
  <meta name='ocr-capabilities' content='ocr_page ocr_carea ocr_par ocr_line ocrx_word'/>
</head>
<body>
  <div class='ocr_page' id='page_1' title='image "./patrologiaecurs14goog/patrologiaecurs14goog_0700.png"; bbox 0 0 3826 6014; ppageno 0'>
   <div class='ocr_carea' id='block_1_1' title="bbox 106 242 1812 313">
    <p class='ocr_par' dir='ltr' id='par_1_1' title="bbox 106 242 1812 313">
     <span class='ocr_line' id='line_1_1' title="bbox 106 242 1812 313; baseline -0.002 -2"><span class='ocrx_word' id='word_1_1' title='bbox 106 251 184 313; x_wconf 79' lang='lat' dir='ltr'>taes</span> <span class='ocrx_word' id='word_1_2' title='bbox 439 277 442 283; x_wconf 92' lang='lat'><em>·</em></span> <span class='ocrx_word' id='word_1_3' title='bbox 624 244 826 309; x_wconf 80' lang='grc' dir='ltr'>(ὈΜΜΕΝΤ.</span> <span class='ocrx_word' id='word_1_4' title='bbox 848 245 889 306; x_wconf 84' lang='grc' dir='ltr'>ΙΝ</span> <span class='ocrx_word' id='word_1_5' title='bbox 911 242 1064 307; x_wconf 72' lang='lat' dir='ltr'>Maras.</span> <span class='ocrx_word' id='word_1_6' title='bbox 1087 272 1126 287; x_wconf 90' lang='lat'><em>—</em></span> <span class='ocrx_word' id='word_1_7' title='bbox 1147 243 1223 303; x_wconf 83' lang='lat' dir='ltr'><strong>LIB.</strong></span> <span class='ocrx_word' id='word_1_8' title='bbox 1247 242 1299 303; x_wconf 92' lang='lat' dir='ltr'>Ill.</span> <span class='ocrx_word' id='word_1_9' title='bbox 1732 242 1812 308; x_wconf 79' lang='lat'><strong>1386</strong></span> 
     </span>
    </p>
   </div>
   <div class='ocr_carea' id='block_1_2' title="bbox 94 374 1834 5640">
    <p class='ocr_par' dir='ltr' id='par_1_2' title="bbox 104 374 1834 1347">
     <span class='ocr_line' id='line_1_2' title="bbox 107 374 1809 453; baseline -0.002 -15"><span class='ocrx_word' id='word_1_10' title='bbox 107 382 209 450; x_wconf 84' lang='lat' dir='ltr'>virtus,</span> <span class='ocrx_word' id='word_1_11' title='bbox 219 386 252 438; x_wconf 91' lang='lat' dir='ltr'>ut</span> <span class='ocrx_word' id='word_1_12' title='bbox 262 381 486 438; x_wconf 89' lang='lat' dir='ltr'>succedentibus</span> <span class='ocrx_word' id='word_1_13' title='bbox 498 381 645 453; x_wconf 79' lang='lat' dir='ltr'>prosperis</span> <span class='ocrx_word' id='word_1_14' title='bbox 656 378 860 453; x_wconf 62' lang='lat' dir='ltr'>spiritualibus</span> <span class='ocrx_word' id='word_1_15' title='bbox 872 392 929 433; x_wconf 90' lang='lat' dir='ltr'>non</span> <span class='ocrx_word' id='word_1_16' title='bbox 945 379 972 446; x_wconf 70' lang='lat' dir='ltr'>A</span> <span class='ocrx_word' id='word_1_17' title='bbox 988 374 1136 447; x_wconf 83' lang='lat' dir='ltr'>spondens</span> <span class='ocrx_word' id='word_1_18' title='bbox 1152 374 1212 431; x_wconf 86' lang='lat' dir='ltr'>ait:</span> <span class='ocrx_word' id='word_1_19' title='bbox 1229 396 1243 426; x_wconf 82' lang='lat' dir='ltr'>a</span> <span class='ocrx_word' id='word_1_20' title='bbox 1254 374 1395 439; x_wconf 83' lang='lat' dir='ltr'>Quoniam</span> <span class='ocrx_word' id='word_1_21' title='bbox 1405 379 1498 432; x_wconf 87' lang='lat' dir='ltr'>Moses</span> <span class='ocrx_word' id='word_1_22' title='bbox 1511 376 1548 432; x_wconf 90' lang='lat' dir='ltr'>ad</span> <span class='ocrx_word' id='word_1_23' title='bbox 1563 377 1702 433; x_wconf 90' lang='lat' dir='ltr'>duritiam</span> <span class='ocrx_word' id='word_1_24' title='bbox 1713 378 1809 435; x_wconf 91' lang='lat' dir='ltr'>cordis</span> 
     </span>
     <span class='ocr_line' id='line_1_3' title="bbox 107 463 1809 546; baseline -0.004 -16"><span class='ocrx_word' id='word_1_25' title='bbox 107 472 262 530; x_wconf 69' lang='lat' dir='ltr'>extollatur</span> <span class='ocrx_word' id='word_1_26' title='bbox 276 476 404 543; x_wconf 90' lang='lat' dir='ltr'>animus,</span> <span class='ocrx_word' id='word_1_27' title='bbox 421 473 552 546; x_wconf 84' lang='lat' dir='ltr'>pristinae</span> <span class='ocrx_word' id='word_1_28' title='bbox 569 471 747 545; x_wconf 73' lang='lat' dir='ltr'>paupertatis</span> <span class='ocrx_word' id='word_1_29' title='bbox 762 487 814 527; x_wconf 91' lang='lat' dir='ltr'>seu</span> <span class='ocrx_word' id='word_1_30' title='bbox 830 469 934 540; x_wconf 86' lang='lat' dir='ltr'>cujus-</span> <span class='ocrx_word' id='word_1_31' title='bbox 985 463 1073 520; x_wconf 87' lang='lat' dir='ltr'>vestri</span> <span class='ocrx_word' id='word_1_32' title='bbox 1089 464 1222 536; x_wconf 87' lang='lat' dir='ltr'>permisit</span> <span class='ocrx_word' id='word_1_33' title='bbox 1235 464 1318 521; x_wconf 89' lang='lat' dir='ltr'>vobis</span> <span class='ocrx_word' id='word_1_34' title='bbox 1333 463 1480 521; x_wconf 85' lang='lat' dir='ltr'>dimittere</span> <span class='ocrx_word' id='word_1_35' title='bbox 1505 482 1608 522; x_wconf 92' lang='lat' dir='ltr'>uxores</span> <span class='ocrx_word' id='word_1_36' title='bbox 1623 471 1743 523; x_wconf 83' lang='lat' dir='ltr'>vestras.</span> <span class='ocrx_word' id='word_1_37' title='bbox 1767 467 1809 524; x_wconf 84' lang='lat' dir='ltr'>Ab</span> 
     </span>
     <span class='ocr_line' id='line_1_4' title="bbox 107 551 1812 632; baseline -0.003 -14"><span class='ocrx_word' id='word_1_38' title='bbox 107 562 179 619; x_wconf 87' lang='lat' dir='ltr'>libet</span> <span class='ocrx_word' id='word_1_39' title='bbox 194 561 375 619; x_wconf 75' lang='lat' dir='ltr'>infelicitatis</span> <span class='ocrx_word' id='word_1_40' title='bbox 390 563 446 619; x_wconf 91' lang='lat' dir='ltr'>sibi</span> <span class='ocrx_word' id='word_1_41' title='bbox 458 561 604 620; x_wconf 85' lang='lat' dir='ltr'>conscius.</span> <span class='ocrx_word' id='word_1_42' title='bbox 621 560 717 627; x_wconf 85' lang='lat' dir='ltr'>Orbis,</span> <span class='ocrx_word' id='word_1_43' title='bbox 742 575 829 632; x_wconf 89' lang='lat' dir='ltr'>quem</span> <span class='ocrx_word' id='word_1_44' title='bbox 846 573 934 629; x_wconf 88' lang='lat' dir='ltr'>super</span> <span class='ocrx_word' id='word_1_45' title='bbox 984 551 1067 609; x_wconf 90' lang='lat' dir='ltr'>initio</span> <span class='ocrx_word' id='word_1_46' title='bbox 1085 559 1182 610; x_wconf 90' lang='lat' dir='ltr'>autem</span> <span class='ocrx_word' id='word_1_47' title='bbox 1200 571 1256 609; x_wconf 89' lang='lat' dir='ltr'>non</span> <span class='ocrx_word' id='word_1_48' title='bbox 1273 553 1329 609; x_wconf 84' lang='lat' dir='ltr'>luit</span> <span class='ocrx_word' id='word_1_49' title='bbox 1352 553 1404 611; x_wconf 91' lang='grc' dir='ltr'>εἰσ.</span> <span class='ocrx_word' id='word_1_50' title='bbox 1421 555 1491 613; x_wconf 90' lang='lat' dir='ltr'>Dico</span> <span class='ocrx_word' id='word_1_51' title='bbox 1514 560 1613 611; x_wconf 90' lang='lat' dir='ltr'>autem</span> <span class='ocrx_word' id='word_1_52' title='bbox 1637 555 1719 612; x_wconf 90' lang='lat' dir='ltr'>vobis</span> <span class='ocrx_word' id='word_1_53' title='bbox 1741 556 1812 628; x_wconf 88' lang='lat' dir='ltr'>quia</span> 
     </span>
     <span class='ocr_line' id='line_1_5' title="bbox 106 643 1810 724; baseline -0.002 -17"><span class='ocrx_word' id='word_1_54' title='bbox 106 651 412 724; x_wconf 87' lang='lat' dir='ltr'>hujusmodialtlictoe</span> <span class='ocrx_word' id='word_1_55' title='bbox 422 652 561 708; x_wconf 87' lang='lat' dir='ltr'>Dominus</span> <span class='ocrx_word' id='word_1_56' title='bbox 574 650 683 722; x_wconf 86' lang='lat' dir='ltr'>posuit,</span> <span class='ocrx_word' id='word_1_57' title='bbox 699 649 827 705; x_wconf 76' lang='lat' dir='ltr'>Ecclesia</span> <span class='ocrx_word' id='word_1_58' title='bbox 837 646 932 720; x_wconf 90' lang='lat' dir='ltr'>ipsius</span> <span class='ocrx_word' id='word_1_59' title='bbox 984 643 1154 716; x_wconf 88' lang='lat' dir='ltr'>quicunque</span> <span class='ocrx_word' id='word_1_60' title='bbox 1169 643 1312 700; x_wconf 84' lang='lat' dir='ltr'>dimiserit</span> <span class='ocrx_word' id='word_1_61' title='bbox 1322 659 1441 700; x_wconf 83' lang='lat' dir='ltr'>uxorem</span> <span class='ocrx_word' id='word_1_62' title='bbox 1454 660 1550 712; x_wconf 83' lang='lat' dir='ltr'>suain,</span> <span class='ocrx_word' id='word_1_63' title='bbox 1562 645 1619 700; x_wconf 87' lang='lat' dir='ltr'>nial</span> <span class='ocrx_word' id='word_1_64' title='bbox 1633 646 1669 702; x_wconf 92' lang='lat' dir='ltr'>ob</span> <span class='ocrx_word' id='word_1_65' title='bbox 1686 646 1810 703; x_wconf 82' lang='lat' dir='ltr'>fornica·</span> 
     </span>
     <span class='ocr_line' id='line_1_6' title="bbox 106 731 1808 813; baseline -0.002 -17"><span class='ocrx_word' id='word_1_66' title='bbox 106 745 161 807; x_wconf 91' lang='lat' dir='ltr'>est,</span> <span class='ocrx_word' id='word_1_67' title='bbox 178 757 264 812; x_wconf 87' lang='lat' dir='ltr'>quam</span> <span class='ocrx_word' id='word_1_68' title='bbox 282 738 341 796; x_wconf 92' lang='lat' dir='ltr'>illis</span> <span class='ocrx_word' id='word_1_69' title='bbox 357 740 514 813; x_wconf 85' lang='lat' dir='ltr'>regendam</span> <span class='ocrx_word' id='word_1_70' title='bbox 534 738 694 795; x_wconf 87' lang='lat' dir='ltr'>commisit.</span> <span class='ocrx_word' id='word_1_71' title='bbox 710 737 783 793; x_wconf 91' lang='lat' dir='ltr'>Hinc</span> <span class='ocrx_word' id='word_1_72' title='bbox 798 740 843 792; x_wconf 88' lang='lat' dir='ltr'>eat</span> <span class='ocrx_word' id='word_1_73' title='bbox 857 733 931 790; x_wconf 91' lang='lat' dir='ltr'>illud</span> <span class='ocrx_word' id='word_1_74' title='bbox 985 731 1103 801; x_wconf 92' lang='lat' dir='ltr'>tionem,</span> <span class='ocrx_word' id='word_1_75' title='bbox 1116 739 1144 788; x_wconf 91' lang='lat' dir='ltr'>et</span> <span class='ocrx_word' id='word_1_76' title='bbox 1155 733 1242 789; x_wconf 89' lang='lat' dir='ltr'>aliam</span> <span class='ocrx_word' id='word_1_77' title='bbox 1254 733 1380 802; x_wconf 87' lang='lat' dir='ltr'>duxerit,</span> <span class='ocrx_word' id='word_1_78' title='bbox 1397 734 1671 806; x_wconf 79' lang='lat' dir='ltr'>moechaturlrbid.).</span> <span class='ocrx_word' id='word_1_79' title='bbox 1682 757 1696 786; x_wconf 76' lang='grc' dir='ltr'>ε</span> <span class='ocrx_word' id='word_1_80' title='bbox 1709 735 1808 792; x_wconf 86' lang='lat' dir='ltr'>loisto</span> 
     </span>
     <span class='ocr_line' id='line_1_7' title="bbox 106 821 1834 901; baseline -0.001 -16"><span class='ocrx_word' id='word_1_81' title='bbox 106 828 184 901; x_wconf 88' lang='lat' dir='ltr'>quod</span> <span class='ocrx_word' id='word_1_82' title='bbox 202 828 271 884; x_wconf 90' lang='lat' dir='ltr'>buic</span> <span class='ocrx_word' id='word_1_83' title='bbox 285 827 395 884; x_wconf 90' lang='lat' dir='ltr'>Simoni</span> <span class='ocrx_word' id='word_1_84' title='bbox 412 832 495 885; x_wconf 87' lang='lat' dir='ltr'>Petro</span> <span class='ocrx_word' id='word_1_85' title='bbox 518 826 611 883; x_wconf 82' lang='lat' dir='ltr'>dixit:</span> <span class='ocrx_word' id='word_1_86' title='bbox 628 848 642 877; x_wconf 85' lang='lat' dir='ltr'>a</span> <span class='ocrx_word' id='word_1_87' title='bbox 668 826 702 880; x_wconf 77' lang='lat' dir='ltr'>tet</span> <span class='ocrx_word' id='word_1_88' title='bbox 716 840 768 897; x_wconf 88' lang='lat' dir='ltr'>ego</span> <span class='ocrx_word' id='word_1_89' title='bbox 783 824 849 879; x_wconf 88' lang='lat' dir='ltr'>dico</span> <span class='ocrx_word' id='word_1_90' title='bbox 864 821 930 893; x_wconf 89' lang='lat' dir='ltr'>tibi,</span> <span class='ocrx_word' id='word_1_91' title='bbox 984 823 1143 893; x_wconf 87' lang='lat' dir='ltr'>posteriore</span> <span class='ocrx_word' id='word_1_92' title='bbox 1157 823 1364 880; x_wconf 89' lang='lat' dir='ltr'>mutandarum</span> <span class='ocrx_word' id='word_1_93' title='bbox 1390 824 1534 881; x_wconf 85' lang='lat' dir='ltr'>sententio</span> <span class='ocrx_word' id='word_1_94' title='bbox 1554 842 1651 881; x_wconf 91' lang='lat' dir='ltr'>rerum</span> <span class='ocrx_word' id='word_1_95' title='bbox 1668 825 1729 882; x_wconf 85' lang='lat' dir='ltr'>haec</span> <span class='ocrx_word' id='word_1_96' title='bbox 1744 828 1808 884; x_wconf 88' lang='lat' dir='ltr'>est:</span> <span class='ocrx_word' id='word_1_97' title='bbox 1829 862 1834 875; x_wconf 52' lang='grc' dir='ltr'>ι</span> 
     </span>
     <span class='ocr_line' id='line_1_8' title="bbox 106 911 1811 991; baseline 0 -18"><span class='ocrx_word' id='word_1_98' title='bbox 106 917 177 991; x_wconf 85' lang='lat' dir='ltr'>quie</span> <span class='ocrx_word' id='word_1_99' title='bbox 208 924 237 972; x_wconf 93' lang='lat' dir='ltr'>tu</span> <span class='ocrx_word' id='word_1_100' title='bbox 250 934 280 973; x_wconf 88' lang='lat' dir='ltr'>es</span> <span class='ocrx_word' id='word_1_101' title='bbox 295 922 449 983; x_wconf 89' lang='lat' dir='ltr'>Petrus,et</span> <span class='ocrx_word' id='word_1_102' title='bbox 463 933 551 988; x_wconf 89' lang='lat' dir='ltr'>super</span> <span class='ocrx_word' id='word_1_103' title='bbox 567 917 640 973; x_wconf 88' lang='lat' dir='ltr'>bauo</span> <span class='ocrx_word' id='word_1_104' title='bbox 656 920 768 987; x_wconf 89' lang='lat' dir='ltr'>petram</span> <span class='ocrx_word' id='word_1_105' title='bbox 781 911 931 969; x_wconf 79' lang='lat' dir='ltr'>aedilleubo</span> <span class='ocrx_word' id='word_1_106' title='bbox 985 912 1152 970; x_wconf 83' lang='lat' dir='ltr'>«Converte</span> <span class='ocrx_word' id='word_1_107' title='bbox 1168 913 1298 986; x_wconf 91' lang='lat' dir='ltr'>gladium</span> <span class='ocrx_word' id='word_1_108' title='bbox 1322 920 1405 970; x_wconf 91' lang='lat' dir='ltr'>tuum</span> <span class='ocrx_word' id='word_1_109' title='bbox 1422 914 1450 970; x_wconf 95' lang='lat' dir='ltr'>in</span> <span class='ocrx_word' id='word_1_110' title='bbox 1463 915 1558 971; x_wconf 90' lang='lat' dir='ltr'>locum</span> <span class='ocrx_word' id='word_1_111' title='bbox 1575 932 1673 973; x_wconf 90' lang='lat' dir='ltr'>suum.</span> <span class='ocrx_word' id='word_1_112' title='bbox 1690 916 1811 973; x_wconf 82' lang='lat' dir='ltr'>llxeme-</span> 
     </span>
     <span class='ocr_line' id='line_1_9' title="bbox 107 1001 1811 1078; baseline 0 -15"><span class='ocrx_word' id='word_1_113' title='bbox 107 1006 267 1064; x_wconf 83' lang='lat' dir='ltr'>Ecclesiam</span> <span class='ocrx_word' id='word_1_114' title='bbox 279 1024 375 1064; x_wconf 87' lang='lat' dir='ltr'>meam</span> <span class='ocrx_word' id='word_1_115' title='bbox 387 1006 493 1076; x_wconf 81' lang='lat' dir='ltr'>(tluttla.</span> <span class='ocrx_word' id='word_1_116' title='bbox 510 1005 576 1077; x_wconf 81' lang='lat' dir='ltr'>xvi).</span> <span class='ocrx_word' id='word_1_117' title='bbox 594 1005 713 1078; x_wconf 81' lang='lat' dir='ltr'>»Super</span> <span class='ocrx_word' id='word_1_118' title='bbox 724 1007 837 1074; x_wconf 88' lang='lat' dir='ltr'>petram</span> <span class='ocrx_word' id='word_1_119' title='bbox 850 1001 930 1070; x_wconf 90' lang='lat' dir='ltr'>lldai,</span> <span class='ocrx_word' id='word_1_120' title='bbox 983 1006 1030 1057; x_wconf 84' lang='lat' dir='ltr'>rat</span> <span class='ocrx_word' id='word_1_121' title='bbox 1043 1001 1121 1058; x_wconf 90' lang='lat' dir='ltr'>enim</span> <span class='ocrx_word' id='word_1_122' title='bbox 1137 1002 1266 1076; x_wconf 84' lang='lat' dir='ltr'>gladium</span> <span class='ocrx_word' id='word_1_123' title='bbox 1277 1020 1376 1072; x_wconf 90' lang='lat' dir='ltr'>suum,</span> <span class='ocrx_word' id='word_1_124' title='bbox 1388 1009 1416 1061; x_wconf 87' lang='lat' dir='ltr'>et</span> <span class='ocrx_word' id='word_1_125' title='bbox 1427 1005 1595 1076; x_wconf 86' lang='lat' dir='ltr'>percutiens</span> <span class='ocrx_word' id='word_1_126' title='bbox 1605 1022 1721 1061; x_wconf 86' lang='lat' dir='ltr'>servum</span> <span class='ocrx_word' id='word_1_127' title='bbox 1732 1006 1811 1078; x_wconf 87' lang='lat' dir='ltr'>prin·</span> 
     </span>
     <span class='ocr_line' id='line_1_10' title="bbox 107 1089 1808 1171; baseline 0 -18"><span class='ocrx_word' id='word_1_128' title='bbox 107 1113 196 1171; x_wconf 89' lang='lat' dir='ltr'>quam</span> <span class='ocrx_word' id='word_1_129' title='bbox 212 1097 365 1154; x_wconf 77' lang='lat' dir='ltr'>confessus</span> <span class='ocrx_word' id='word_1_130' title='bbox 380 1101 425 1153; x_wconf 90' lang='lat' dir='ltr'>eat</span> <span class='ocrx_word' id='word_1_131' title='bbox 440 1092 722 1164; x_wconf 79' lang='lat' dir='ltr'>Petrus‚ttcclesiam</span> <span class='ocrx_word' id='word_1_132' title='bbox 738 1108 823 1149; x_wconf 89' lang='lat' dir='ltr'>suam</span> <span class='ocrx_word' id='word_1_133' title='bbox 839 1090 931 1147; x_wconf 79' lang='lat' dir='ltr'>aditi·</span> <span class='ocrx_word' id='word_1_134' title='bbox 982 1089 1057 1163; x_wconf 90' lang='lat' dir='ltr'>cipis</span> <span class='ocrx_word' id='word_1_135' title='bbox 1068 1091 1266 1160; x_wconf 86' lang='lat' dir='ltr'>sacerdotum,</span> <span class='ocrx_word' id='word_1_136' title='bbox 1279 1094 1442 1165; x_wconf 90' lang='lat' dir='ltr'>amputavit</span> <span class='ocrx_word' id='word_1_137' title='bbox 1454 1095 1615 1150; x_wconf 87' lang='lat' dir='ltr'>auriculam</span> <span class='ocrx_word' id='word_1_138' title='bbox 1627 1097 1691 1168; x_wconf 86' lang='lat' dir='ltr'>ejus</span> <span class='ocrx_word' id='word_1_139' title='bbox 1702 1095 1808 1169; x_wconf 81' lang='lat' dir='ltr'>(tlcttlt.</span> 
     </span>
     <span class='ocr_line' id='line_1_11' title="bbox 104 1178 1809 1259; baseline -0.001 -15"><span class='ocrx_word' id='word_1_140' title='bbox 104 1187 191 1255; x_wconf 87' lang='lat' dir='ltr'>cavit,</span> <span class='ocrx_word' id='word_1_141' title='bbox 206 1202 329 1258; x_wconf 91' lang='lat' dir='ltr'>eamque</span> <span class='ocrx_word' id='word_1_142' title='bbox 344 1185 502 1258; x_wconf 90' lang='lat' dir='ltr'>regendam</span> <span class='ocrx_word' id='word_1_143' title='bbox 526 1183 578 1252; x_wconf 93' lang='lat' dir='ltr'>illi,</span> <span class='ocrx_word' id='word_1_144' title='bbox 604 1182 775 1255; x_wconf 78' lang='lat' dir='ltr'>caterisque</span> <span class='ocrx_word' id='word_1_145' title='bbox 790 1178 931 1254; x_wconf 86' lang='lat' dir='ltr'>apostolia</span> <span class='ocrx_word' id='word_1_146' title='bbox 982 1184 1061 1250; x_wconf 84' lang='lat' dir='ltr'>xxvi)</span> <span class='ocrx_word' id='word_1_147' title='bbox 1086 1180 1145 1236; x_wconf 85' lang='lat' dir='ltr'>»Si</span> <span class='ocrx_word' id='word_1_148' title='bbox 1166 1196 1234 1254; x_wconf 91' lang='lat' dir='ltr'>ergo</span> <span class='ocrx_word' id='word_1_149' title='bbox 1260 1197 1385 1253; x_wconf 83' lang='lat' dir='ltr'>quaeras,</span> <span class='ocrx_word' id='word_1_150' title='bbox 1411 1187 1442 1238; x_wconf 93' lang='lat' dir='ltr'>ut</span> <span class='ocrx_word' id='word_1_151' title='bbox 1452 1182 1515 1254; x_wconf 86' lang='lat' dir='ltr'>jam</span> <span class='ocrx_word' id='word_1_152' title='bbox 1539 1184 1650 1240; x_wconf 92' lang='lat' dir='ltr'>dictum</span> <span class='ocrx_word' id='word_1_153' title='bbox 1667 1191 1721 1254; x_wconf 89' lang='lat' dir='ltr'>est,</span> <span class='ocrx_word' id='word_1_154' title='bbox 1737 1185 1809 1259; x_wconf 86' lang='lat' dir='ltr'>quid</span> 
     </span>
     <span class='ocr_line' id='line_1_12' title="bbox 104 1269 1807 1347; baseline -0.001 -15"><span class='ocrx_word' id='word_1_155' title='bbox 104 1290 264 1347; x_wconf 87' lang='lat' dir='ltr'>eorumque</span> <span class='ocrx_word' id='word_1_156' title='bbox 275 1272 433 1343; x_wconf 88' lang='lat' dir='ltr'>similibus,</span> <span class='ocrx_word' id='word_1_157' title='bbox 450 1270 609 1329; x_wconf 87' lang='lat' dir='ltr'>commisit.</span> <span class='ocrx_word' id='word_1_158' title='bbox 983 1269 1278 1326; x_wconf 86' lang='lat' dir='ltr'>Dominusmandavit</span> <span class='ocrx_word' id='word_1_159' title='bbox 1285 1273 1593 1343; x_wconf 86' lang='lat' dir='ltr'>peccatoresintertlci,</span> <span class='ocrx_word' id='word_1_160' title='bbox 1605 1279 1633 1330; x_wconf 92' lang='lat' dir='ltr'>et</span> <span class='ocrx_word' id='word_1_161' title='bbox 1644 1274 1716 1346; x_wconf 90' lang='lat' dir='ltr'>quid</span> <span class='ocrx_word' id='word_1_162' title='bbox 1726 1275 1807 1344; x_wconf 84' lang='lat' dir='ltr'>dixit,</span> 
     </span>
    </p>

    <p class='ocr_par' dir='ltr' id='par_1_3' title="bbox 94 1358 1808 5640">
     <span class='ocr_line' id='line_1_13' title="bbox 132 1358 1808 1434; baseline 0.002 -16"><span class='ocrx_word' id='word_1_163' title='bbox 132 1359 929 1430; x_wconf 83' lang='lat' dir='ltr'>Quidtandcmdemutationenominiedicemus,quam,</span> <span class='ocrx_word' id='word_1_164' title='bbox 982 1378 997 1408; x_wconf 79' lang='lat' dir='ltr'>a</span> <span class='ocrx_word' id='word_1_165' title='bbox 1013 1363 1122 1430; x_wconf 87' lang='lat' dir='ltr'>quanto</span> <span class='ocrx_word' id='word_1_166' title='bbox 1137 1358 1231 1430; x_wconf 87' lang='lat' dir='ltr'>magis</span> <span class='ocrx_word' id='word_1_167' title='bbox 1246 1365 1348 1416; x_wconf 90' lang='lat' dir='ltr'>contra</span> <span class='ocrx_word' id='word_1_168' title='bbox 1363 1360 1498 1418; x_wconf 90' lang='lat' dir='ltr'>homines</span> <span class='ocrx_word' id='word_1_169' title='bbox 1514 1362 1703 1434; x_wconf 80' lang='lat' dir='ltr'>praevalebie;</span> <span class='ocrx_word' id='word_1_170' title='bbox 1719 1384 1730 1414; x_wconf 77' lang='grc' dir='ltr'>ε</span> <span class='ocrx_word' id='word_1_171' title='bbox 1750 1365 1808 1422; x_wconf 83' lang='lat' dir='ltr'>tore</span> 
     </span>
     <span class='ocr_line' id='line_1_14' title="bbox 105 1443 1805 1526; baseline -0.001 -17"><span class='ocrx_word' id='word_1_172' title='bbox 105 1458 138 1509; x_wconf 86' lang='lat' dir='ltr'>ut</span> <span class='ocrx_word' id='word_1_173' title='bbox 152 1469 243 1526; x_wconf 91' lang='lat' dir='ltr'>supra</span> <span class='ocrx_word' id='word_1_174' title='bbox 257 1453 317 1522; x_wconf 89' lang='lat' dir='ltr'>jam</span> <span class='ocrx_word' id='word_1_175' title='bbox 334 1452 444 1509; x_wconf 87' lang='lat' dir='ltr'>dietum</span> <span class='ocrx_word' id='word_1_176' title='bbox 461 1456 516 1519; x_wconf 88' lang='lat' dir='ltr'>eet,</span> <span class='ocrx_word' id='word_1_177' title='bbox 532 1456 561 1507; x_wconf 90' lang='lat' dir='ltr'>et</span> <span class='ocrx_word' id='word_1_178' title='bbox 576 1449 651 1506; x_wconf 89' lang='lat' dir='ltr'>alius</span> <span class='ocrx_word' id='word_1_179' title='bbox 669 1445 846 1520; x_wconf 86' lang='lat' dir='ltr'>evangelista</span> <span class='ocrx_word' id='word_1_180' title='bbox 860 1443 930 1502; x_wconf 91' lang='lat' dir='ltr'>ecri-</span> <span class='ocrx_word' id='word_1_181' title='bbox 981 1446 1118 1505; x_wconf 90' lang='lat' dir='ltr'>similiter</span> <span class='ocrx_word' id='word_1_182' title='bbox 1132 1449 1368 1521; x_wconf 84' lang='lat' dir='ltr'>respondendum</span> <span class='ocrx_word' id='word_1_183' title='bbox 1379 1454 1434 1522; x_wconf 90' lang='lat' dir='ltr'>est,</span> <span class='ocrx_word' id='word_1_184' title='bbox 1447 1457 1479 1508; x_wconf 91' lang='lat' dir='ltr'>ut</span> <span class='ocrx_word' id='word_1_185' title='bbox 1492 1474 1505 1502; x_wconf 73' lang='lat' dir='ltr'>a</span> <span class='ocrx_word' id='word_1_186' title='bbox 1522 1451 1557 1509; x_wconf 93' lang='lat' dir='ltr'>de</span> <span class='ocrx_word' id='word_1_187' title='bbox 1571 1451 1667 1509; x_wconf 90' lang='lat' dir='ltr'>libello</span> <span class='ocrx_word' id='word_1_188' title='bbox 1681 1452 1805 1525; x_wconf 87' lang='lat' dir='ltr'>repudii,</span> 
     </span>
     <span class='ocr_line' id='line_1_15' title="bbox 102 1535 1806 1614; baseline 0.001 -16"><span class='ocrx_word' id='word_1_189' title='bbox 102 1541 161 1614; x_wconf 83' lang='lat' dir='ltr'>psit</span> <span class='ocrx_word' id='word_1_190' title='bbox 170 1540 364 1611; x_wconf 80' lang='lat' dir='ltr'>manifestius,</span> <span class='ocrx_word' id='word_1_191' title='bbox 375 1549 403 1597; x_wconf 91' lang='lat' dir='ltr'>et</span> <span class='ocrx_word' id='word_1_192' title='bbox 412 1541 466 1597; x_wconf 87' lang='lat' dir='ltr'>iste</span> <span class='ocrx_word' id='word_1_193' title='bbox 477 1557 535 1597; x_wconf 91' lang='lat' dir='ltr'>non</span> <span class='ocrx_word' id='word_1_194' title='bbox 546 1540 667 1596; x_wconf 91' lang='lat' dir='ltr'>omnino</span> <span class='ocrx_word' id='word_1_195' title='bbox 681 1537 781 1607; x_wconf 89' lang='lat' dir='ltr'>tacuit,</span> <span class='ocrx_word' id='word_1_196' title='bbox 794 1535 927 1602; x_wconf 89' lang='lat' dir='ltr'>dicendo,</span> <span class='ocrx_word' id='word_1_197' title='bbox 980 1538 1119 1609; x_wconf 87' lang='lat' dir='ltr'>quoniam</span> <span class='ocrx_word' id='word_1_198' title='bbox 1133 1537 1275 1596; x_wconf 89' lang='lat' dir='ltr'>Dominus</span> <span class='ocrx_word' id='word_1_199' title='bbox 1285 1540 1320 1595; x_wconf 91' lang='lat' dir='ltr'>ud</span> <span class='ocrx_word' id='word_1_200' title='bbox 1337 1540 1473 1596; x_wconf 91' lang='lat' dir='ltr'>duritiam</span> <span class='ocrx_word' id='word_1_201' title='bbox 1483 1541 1579 1598; x_wconf 85' lang='lat' dir='ltr'>cordis</span> <span class='ocrx_word' id='word_1_202' title='bbox 1590 1542 1644 1598; x_wconf 92' lang='lat' dir='ltr'>hoc</span> <span class='ocrx_word' id='word_1_203' title='bbox 1655 1542 1806 1599; x_wconf 85' lang='lat' dir='ltr'>mandavit</span> 
     </span>
     <span class='ocr_line' id='line_1_16' title="bbox 101 1623 1805 1702; baseline 0.004 -22"><span class='ocrx_word' id='word_1_204' title='bbox 101 1652 116 1681; x_wconf 82' lang='lat' dir='ltr'>a</span> <span class='ocrx_word' id='word_1_205' title='bbox 133 1630 282 1686; x_wconf 84' lang='lat' dir='ltr'>Simonem</span> <span class='ocrx_word' id='word_1_206' title='bbox 294 1629 343 1702; x_wconf 90' lang='lat' dir='ltr'>qui</span> <span class='ocrx_word' id='word_1_207' title='bbox 357 1635 477 1686; x_wconf 82' lang='lat' dir='ltr'>vocatur</span> <span class='ocrx_word' id='word_1_208' title='bbox 498 1634 603 1686; x_wconf 88' lang='lat' dir='ltr'>Petrus</span> <span class='ocrx_word' id='word_1_209' title='bbox 624 1628 667 1684; x_wconf 82' lang='lat' dir='ltr'>t»</span> <span class='ocrx_word' id='word_1_210' title='bbox 694 1629 762 1694; x_wconf 76' lang='lat' dir='ltr'>Qum</span> <span class='ocrx_word' id='word_1_211' title='bbox 778 1641 867 1682; x_wconf 86' lang='lat' dir='ltr'>causa</span> <span class='ocrx_word' id='word_1_212' title='bbox 883 1623 928 1679; x_wconf 89' lang='lat' dir='ltr'>vel</span> <span class='ocrx_word' id='word_1_213' title='bbox 979 1625 1053 1693; x_wconf 89' lang='lat' dir='ltr'>lieri,</span> <span class='ocrx_word' id='word_1_214' title='bbox 1068 1625 1104 1681; x_wconf 91' lang='lat' dir='ltr'>ab</span> <span class='ocrx_word' id='word_1_215' title='bbox 1115 1625 1199 1683; x_wconf 91' lang='lat' dir='ltr'>initio</span> <span class='ocrx_word' id='word_1_216' title='bbox 1210 1632 1310 1684; x_wconf 89' lang='lat' dir='ltr'>autem</span> <span class='ocrx_word' id='word_1_217' title='bbox 1322 1645 1381 1685; x_wconf 91' lang='lat' dir='ltr'>non</span> <span class='ocrx_word' id='word_1_218' title='bbox 1398 1629 1441 1685; x_wconf 92' lang='lat' dir='ltr'>sic</span> <span class='ocrx_word' id='word_1_219' title='bbox 1453 1630 1517 1687; x_wconf 88' lang='lat' dir='ltr'>luit.</span> <span class='ocrx_word' id='word_1_220' title='bbox 1533 1650 1546 1682; x_wconf 76' lang='grc' dir='ltr'>ε</span> <span class='ocrx_word' id='word_1_221' title='bbox 1564 1632 1694 1697; x_wconf 86' lang='lat' dir='ltr'>Quorum</span> <span class='ocrx_word' id='word_1_222' title='bbox 1706 1631 1805 1687; x_wconf 87' lang='lat' dir='ltr'>addu-</span> 
     </span>
     <span class='ocr_line' id='line_1_17' title="bbox 101 1710 1804 1795; baseline 0.002 -20"><span class='ocrx_word' id='word_1_223' title='bbox 101 1710 926 1791; x_wconf 84' lang='lat' dir='ltr'>ratioluitmutationishujus‘tNunquidenimotiose,id</span> <span class='ocrx_word' id='word_1_224' title='bbox 981 1716 1076 1772; x_wconf 87' lang='lat' dir='ltr'>ritiam</span> <span class='ocrx_word' id='word_1_225' title='bbox 1092 1716 1212 1774; x_wconf 76' lang='lat' dir='ltr'>cordis?</span> <span class='ocrx_word' id='word_1_226' title='bbox 1228 1718 1373 1775; x_wconf 90' lang='lat' dir='ltr'>Nimirum</span> <span class='ocrx_word' id='word_1_227' title='bbox 1396 1720 1549 1777; x_wconf 92' lang='lat' dir='ltr'>hominum</span> <span class='ocrx_word' id='word_1_228' title='bbox 1577 1721 1677 1777; x_wconf 88' lang='lat' dir='ltr'>talium</span> <span class='ocrx_word' id='word_1_229' title='bbox 1703 1721 1804 1795; x_wconf 87' lang='lat' dir='ltr'>quales</span> 
     </span>
     <span class='ocr_line' id='line_1_18' title="bbox 99 1800 1804 1882; baseline 0.001 -17"><span class='ocrx_word' id='word_1_230' title='bbox 99 1813 145 1865; x_wconf 90' lang='lat' dir='ltr'>est</span> <span class='ocrx_word' id='word_1_231' title='bbox 160 1809 224 1865; x_wconf 90' lang='lat' dir='ltr'>sine</span> <span class='ocrx_word' id='word_1_232' title='bbox 238 1825 338 1878; x_wconf 90' lang='lat' dir='ltr'>eausa,</span> <span class='ocrx_word' id='word_1_233' title='bbox 353 1809 417 1866; x_wconf 87' lang='lat' dir='ltr'>sine</span> <span class='ocrx_word' id='word_1_234' title='bbox 432 1809 545 1865; x_wconf 92' lang='lat' dir='ltr'>ratione</span> <span class='ocrx_word' id='word_1_235' title='bbox 561 1810 690 1862; x_wconf 89' lang='lat' dir='ltr'>mutaret</span> <span class='ocrx_word' id='word_1_236' title='bbox 698 1800 924 1861; x_wconf 89' lang='lat' dir='ltr'>vocabulumho·</span> <span class='ocrx_word' id='word_1_237' title='bbox 981 1804 1100 1861; x_wconf 85' lang='lat' dir='ltr'>luerunt</span> <span class='ocrx_word' id='word_1_238' title='bbox 1115 1806 1301 1864; x_wconf 81' lang='lat' dir='ltr'>amalechite</span> <span class='ocrx_word' id='word_1_239' title='bbox 1317 1808 1378 1865; x_wconf 88' lang='lat' dir='ltr'>sive</span> <span class='ocrx_word' id='word_1_240' title='bbox 1392 1809 1559 1877; x_wconf 77' lang='lat' dir='ltr'>chananaei,</span> <span class='ocrx_word' id='word_1_241' title='bbox 1575 1815 1604 1867; x_wconf 94' lang='lat' dir='ltr'>et</span> <span class='ocrx_word' id='word_1_242' title='bbox 1618 1811 1712 1867; x_wconf 80' lang='lat' dir='ltr'>ceteri</span> <span class='ocrx_word' id='word_1_243' title='bbox 1729 1827 1804 1882; x_wconf 83' lang='lat' dir='ltr'>quo·</span> 
     </span>
     <span class='ocr_line' id='line_1_19' title="bbox 103 1892 1805 1971; baseline 0.002 -17"><span class='ocrx_word' id='word_1_244' title='bbox 103 1899 192 1955; x_wconf 88' lang='lat' dir='ltr'>minis</span> <span class='ocrx_word' id='word_1_245' title='bbox 207 1898 352 1971; x_wconf 89' lang='lat' dir='ltr'>supientia</span> <span class='ocrx_word' id='word_1_246' title='bbox 364 1899 412 1954; x_wconf 93' lang='lat' dir='ltr'>Dei</span> <span class='ocrx_word' id='word_1_247' title='bbox 425 1899 512 1955; x_wconf 91' lang='lat' dir='ltr'>Jesus</span> <span class='ocrx_word' id='word_1_248' title='bbox 533 1895 692 1954; x_wconf 78' lang='lat' dir='ltr'>Christus?</span> <span class='ocrx_word' id='word_1_249' title='bbox 718 1895 790 1950; x_wconf 94' lang='lat' dir='ltr'>Dum</span> <span class='ocrx_word' id='word_1_250' title='bbox 813 1892 848 1948; x_wconf 91' lang='lat' dir='ltr'>de</span> <span class='ocrx_word' id='word_1_251' title='bbox 864 1907 922 1947; x_wconf 91' lang='lat' dir='ltr'>uno</span> <span class='ocrx_word' id='word_1_252' title='bbox 979 1910 1044 1950; x_wconf 91' lang='lat' dir='ltr'>rum</span> <span class='ocrx_word' id='word_1_253' title='bbox 1060 1895 1252 1952; x_wconf 80' lang='lat' dir='ltr'>diaboluscor</span> <span class='ocrx_word' id='word_1_254' title='bbox 1262 1897 1426 1969; x_wconf 89' lang='lat' dir='ltr'>obduravit,</span> <span class='ocrx_word' id='word_1_255' title='bbox 1440 1904 1472 1954; x_wconf 90' lang='lat' dir='ltr'>ut</span> <span class='ocrx_word' id='word_1_256' title='bbox 1483 1916 1538 1955; x_wconf 92' lang='lat' dir='ltr'>non</span> <span class='ocrx_word' id='word_1_257' title='bbox 1553 1898 1648 1956; x_wconf 91' lang='lat' dir='ltr'>solum</span> <span class='ocrx_word' id='word_1_258' title='bbox 1661 1901 1805 1958; x_wconf 88' lang='lat' dir='ltr'>servirent</span> 
     </span>
     <span class='ocr_line' id='line_1_20' title="bbox 102 1980 1802 2061; baseline 0.004 -18"><span class='ocrx_word' id='word_1_259' title='bbox 102 1989 273 2061; x_wconf 68' lang='lat' dir='ltr'>quaerimus,</span> <span class='ocrx_word' id='word_1_260' title='bbox 299 1986 419 2044; x_wconf 90' lang='lat' dir='ltr'>alterius</span> <span class='ocrx_word' id='word_1_261' title='bbox 436 2003 551 2059; x_wconf 89' lang='lat' dir='ltr'>quoque</span> <span class='ocrx_word' id='word_1_262' title='bbox 562 1986 759 2042; x_wconf 89' lang='lat' dir='ltr'>recordemur.</span> <span class='ocrx_word' id='word_1_263' title='bbox 776 1981 830 2047; x_wconf 86' lang='lat' dir='ltr'>Qui</span> <span class='ocrx_word' id='word_1_264' title='bbox 845 1980 922 2037; x_wconf 92' lang='lat' dir='ltr'>enim</span> <span class='ocrx_word' id='word_1_265' title='bbox 979 1992 1117 2040; x_wconf 84' lang='lat' dir='ltr'>creatura</span> <span class='ocrx_word' id='word_1_266' title='bbox 1127 1986 1319 2058; x_wconf 84' lang='lat' dir='ltr'>potiusquam</span> <span class='ocrx_word' id='word_1_267' title='bbox 1329 1989 1670 2060; x_wconf 89' lang='lat' dir='ltr'>Creatori‚verumetiam</span> <span class='ocrx_word' id='word_1_268' title='bbox 1680 1993 1802 2050; x_wconf 90' lang='lat' dir='ltr'>unicum</span> 
     </span>
     <span class='ocr_line' id='line_1_21' title="bbox 99 2071 1801 2152; baseline 0.004 -17"><span class='ocrx_word' id='word_1_269' title='bbox 99 2078 267 2136; x_wconf 88' lang='lat' dir='ltr'>dixithuic:</span> <span class='ocrx_word' id='word_1_270' title='bbox 283 2100 297 2128; x_wconf 76' lang='lat' dir='ltr'>a</span> <span class='ocrx_word' id='word_1_271' title='bbox 308 2077 350 2133; x_wconf 71' lang='lat' dir='ltr'>&#39;l&#39;u</span> <span class='ocrx_word' id='word_1_272' title='bbox 360 2093 391 2133; x_wconf 88' lang='lat' dir='ltr'>es</span> <span class='ocrx_word' id='word_1_273' title='bbox 403 2076 504 2133; x_wconf 89' lang='lat' dir='ltr'>Simon</span> <span class='ocrx_word' id='word_1_274' title='bbox 519 2071 923 2142; x_wconf 84' lang='lat' dir='ltr'>filiusJoanna,tuvoraberis</span> <span class='ocrx_word' id='word_1_275' title='bbox 978 2073 1120 2132; x_wconf 88' lang='lat' dir='ltr'>cultorem</span> <span class='ocrx_word' id='word_1_276' title='bbox 1136 2076 1280 2134; x_wconf 85' lang='lat' dir='ltr'>Creatoris</span> <span class='ocrx_word' id='word_1_277' title='bbox 1291 2079 1432 2152; x_wconf 92' lang='lat' dir='ltr'>populum</span> <span class='ocrx_word' id='word_1_278' title='bbox 1447 2081 1536 2138; x_wconf 85' lang='lat' dir='ltr'>lsrael</span> <span class='ocrx_word' id='word_1_279' title='bbox 1553 2088 1728 2140; x_wconf 88' lang='lat' dir='ltr'>conarentur</span> <span class='ocrx_word' id='word_1_280' title='bbox 1741 2102 1801 2142; x_wconf 91' lang='lat' dir='ltr'>om·</span> 
     </span>
     <span class='ocr_line' id='line_1_22' title="bbox 98 2160 1800 2241; baseline 0.005 -16"><span class='ocrx_word' id='word_1_281' title='bbox 98 2167 222 2241; x_wconf 76' lang='lat' dir='ltr'>(tophas,</span> <span class='ocrx_word' id='word_1_282' title='bbox 238 2168 315 2240; x_wconf 86' lang='lat' dir='ltr'>quod</span> <span class='ocrx_word' id='word_1_283' title='bbox 331 2167 541 2240; x_wconf 90' lang='lat' dir='ltr'>interpretatur</span> <span class='ocrx_word' id='word_1_284' title='bbox 556 2171 654 2222; x_wconf 82' lang='lat' dir='ltr'>Petrus</span> <span class='ocrx_word' id='word_1_285' title='bbox 671 2165 760 2236; x_wconf 81' lang='lat' dir='ltr'>(Jocn.</span> <span class='ocrx_word' id='word_1_286' title='bbox 785 2160 923 2233; x_wconf 84' lang='lat' dir='ltr'>1),»ipee</span> <span class='ocrx_word' id='word_1_287' title='bbox 978 2162 1066 2220; x_wconf 85' lang='lat' dir='ltr'>nibus</span> <span class='ocrx_word' id='word_1_288' title='bbox 1077 2166 1173 2223; x_wconf 91' lang='lat' dir='ltr'>modis</span> <span class='ocrx_word' id='word_1_289' title='bbox 1183 2171 1235 2223; x_wconf 90' lang='lat' dir='ltr'>aut</span> <span class='ocrx_word' id='word_1_290' title='bbox 1245 2168 1525 2226; x_wconf 86' lang='lat' dir='ltr'>lacereconlormem</span> <span class='ocrx_word' id='word_1_291' title='bbox 1536 2172 1603 2241; x_wconf 90' lang='lat' dir='ltr'>sibi,</span> <span class='ocrx_word' id='word_1_292' title='bbox 1615 2177 1666 2230; x_wconf 89' lang='lat' dir='ltr'>eut</span> <span class='ocrx_word' id='word_1_293' title='bbox 1680 2175 1800 2235; x_wconf 90' lang='lat' dir='ltr'>omnino</span> 
     </span>
     <span class='ocr_line' id='line_1_23' title="bbox 98 2250 1804 2331; baseline 0.004 -17"><span class='ocrx_word' id='word_1_294' title='bbox 98 2254 665 2331; x_wconf 87' lang='lat' dir='ltr'>idemquondamdixeratcuidamalteri</span> <span class='ocrx_word' id='word_1_295' title='bbox 679 2250 922 2320; x_wconf 82' lang='lat' dir='ltr'>:·Qu0dnomem</span> <span class='ocrx_word' id='word_1_296' title='bbox 978 2254 1138 2326; x_wconf 90' lang='lat' dir='ltr'>exstirpare</span> <span class='ocrx_word' id='word_1_297' title='bbox 1160 2255 1287 2312; x_wconf 91' lang='lat' dir='ltr'>radicem</span> <span class='ocrx_word' id='word_1_298' title='bbox 1310 2258 1406 2330; x_wconf 86' lang='lat' dir='ltr'>gentis</span> <span class='ocrx_word' id='word_1_299' title='bbox 1430 2259 1574 2330; x_wconf 88' lang='lat' dir='ltr'>ejusdem,</span> <span class='ocrx_word' id='word_1_300' title='bbox 1600 2265 1633 2317; x_wconf 92' lang='lat' dir='ltr'>ut</span> <span class='ocrx_word' id='word_1_301' title='bbox 1655 2277 1804 2322; x_wconf 83' lang='lat' dir='ltr'>noueaset</span> 
     </span>
     <span class='ocr_line' id='line_1_24' title="bbox 98 2340 1801 2422; baseline 0.005 -18"><span class='ocrx_word' id='word_1_302' title='bbox 98 2346 233 2404; x_wconf 76' lang='lat' dir='ltr'>esttibi?</span> <span class='ocrx_word' id='word_1_303' title='bbox 247 2345 300 2402; x_wconf 92' lang='lat' dir='ltr'>Illo</span> <span class='ocrx_word' id='word_1_304' title='bbox 316 2345 518 2418; x_wconf 88' lang='lat' dir='ltr'>respondente,</span> <span class='ocrx_word' id='word_1_305' title='bbox 538 2344 638 2411; x_wconf 90' lang='lat' dir='ltr'>Jacob,</span> <span class='ocrx_word' id='word_1_306' title='bbox 654 2344 695 2400; x_wconf 91' lang='lat' dir='ltr'>ait</span> <span class='ocrx_word' id='word_1_307' title='bbox 721 2341 788 2399; x_wconf 88' lang='lat' dir='ltr'>ille:</span> <span class='ocrx_word' id='word_1_308' title='bbox 805 2340 921 2411; x_wconf 85' lang='lat' dir='ltr'>Nequa-</span> <span class='ocrx_word' id='word_1_309' title='bbox 978 2344 1057 2399; x_wconf 92' lang='lat' dir='ltr'>unde</span> <span class='ocrx_word' id='word_1_310' title='bbox 1071 2345 1267 2417; x_wconf 87' lang='lat' dir='ltr'>compleretur</span> <span class='ocrx_word' id='word_1_311' title='bbox 1290 2345 1454 2405; x_wconf 90' lang='lat' dir='ltr'>benedictio</span> <span class='ocrx_word' id='word_1_312' title='bbox 1476 2366 1563 2422; x_wconf 91' lang='lat' dir='ltr'>quam</span> <span class='ocrx_word' id='word_1_313' title='bbox 1589 2351 1666 2410; x_wconf 87' lang='lat' dir='ltr'>Deus</span> <span class='ocrx_word' id='word_1_314' title='bbox 1680 2353 1801 2412; x_wconf 76' lang='lat' dir='ltr'>Abrahae</span> 
     </span>
     <span class='ocr_line' id='line_1_25' title="bbox 99 2427 1801 2509; baseline 0.005 -16"><span class='ocrx_word' id='word_1_315' title='bbox 99 2452 200 2509; x_wconf 88' lang='lat' dir='ltr'>quam,</span> <span class='ocrx_word' id='word_1_316' title='bbox 216 2435 324 2508; x_wconf 85' lang='lat' dir='ltr'>inquit,</span> <span class='ocrx_word' id='word_1_317' title='bbox 336 2436 426 2492; x_wconf 87' lang='lat' dir='ltr'>Jacob</span> <span class='ocrx_word' id='word_1_318' title='bbox 438 2432 634 2508; x_wconf 88' lang='lat' dir='ltr'>appellabitur</span> <span class='ocrx_word' id='word_1_319' title='bbox 645 2448 751 2488; x_wconf 90' lang='lat' dir='ltr'>nomen</span> <span class='ocrx_word' id='word_1_320' title='bbox 762 2436 860 2499; x_wconf 92' lang='lat' dir='ltr'>tuum,</span> <span class='ocrx_word' id='word_1_321' title='bbox 871 2427 922 2485; x_wconf 88' lang='lat' dir='ltr'>scd</span> <span class='ocrx_word' id='word_1_322' title='bbox 978 2433 1157 2503; x_wconf 87' lang='lat' dir='ltr'>repromisit,</span> <span class='ocrx_word' id='word_1_323' title='bbox 1174 2451 1322 2508; x_wconf 85' lang='lat' dir='ltr'>quamque</span> <span class='ocrx_word' id='word_1_324' title='bbox 1334 2438 1464 2509; x_wconf 83' lang='lat' dir='ltr'>exigebat</span> <span class='ocrx_word' id='word_1_325' title='bbox 1485 2440 1532 2497; x_wconf 92' lang='lat' dir='ltr'>ille</span> <span class='ocrx_word' id='word_1_326' title='bbox 1554 2441 1645 2499; x_wconf 86' lang='lat' dir='ltr'>Jacob</span> <span class='ocrx_word' id='word_1_327' title='bbox 1658 2444 1801 2501; x_wconf 90' lang='lat' dir='ltr'>dicendo:</span> 
     </span>
     <span class='ocr_line' id='line_1_26' title="bbox 98 2516 1802 2605; baseline 0.004 -21"><span class='ocrx_word' id='word_1_328' title='bbox 98 2527 192 2584; x_wconf 86' lang='lat' dir='ltr'>lsrael</span> <span class='ocrx_word' id='word_1_329' title='bbox 202 2525 277 2597; x_wconf 80' lang='lat' dir='ltr'>(Gen.</span> <span class='ocrx_word' id='word_1_330' title='bbox 287 2527 387 2597; x_wconf 82' lang='lat' dir='ltr'>xxxii).</span> <span class='ocrx_word' id='word_1_331' title='bbox 399 2545 411 2577; x_wconf 80' lang='grc' dir='ltr'><strong>ι</strong></span> <span class='ocrx_word' id='word_1_332' title='bbox 424 2529 532 2580; x_wconf 78' lang='lat' dir='ltr'>Prater</span> <span class='ocrx_word' id='word_1_333' title='bbox 541 2524 614 2580; x_wconf 90' lang='lat' dir='ltr'>duos</span> <span class='ocrx_word' id='word_1_334' title='bbox 627 2523 711 2590; x_wconf 87' lang='lat' dir='ltr'>istos,</span> <span class='ocrx_word' id='word_1_335' title='bbox 720 2516 922 2593; x_wconf 90' lang='lat' dir='ltr'>quorumalter</span> <span class='ocrx_word' id='word_1_336' title='bbox 979 2521 1057 2577; x_wconf 71' lang='lat' dir='ltr'>«Non</span> <span class='ocrx_word' id='word_1_337' title='bbox 1071 2523 1218 2581; x_wconf 87' lang='lat' dir='ltr'>dimittam</span> <span class='ocrx_word' id='word_1_338' title='bbox 1230 2527 1514 2594; x_wconf 86' lang='lat' dir='ltr'>te,nisibenedixcris</span> <span class='ocrx_word' id='word_1_339' title='bbox 1527 2530 1598 2586; x_wconf 92' lang='lat' dir='ltr'>mihi</span> <span class='ocrx_word' id='word_1_340' title='bbox 1607 2533 1690 2602; x_wconf 79' lang='lat' dir='ltr'>(Gen.</span> <span class='ocrx_word' id='word_1_341' title='bbox 1701 2533 1802 2605; x_wconf 84' lang='lat' dir='ltr'>xxx11);</span> 
     </span>
     <span class='ocr_line' id='line_1_27' title="bbox 100 2610 1803 2690; baseline 0.001 -18"><span class='ocrx_word' id='word_1_342' title='bbox 100 2616 131 2672; x_wconf 90' lang='lat' dir='ltr'>in</span> <span class='ocrx_word' id='word_1_343' title='bbox 147 2615 254 2682; x_wconf 90' lang='lat' dir='ltr'>Veteri,</span> <span class='ocrx_word' id='word_1_344' title='bbox 271 2615 382 2672; x_wconf 85' lang='lat' dir='ltr'>alteria</span> <span class='ocrx_word' id='word_1_345' title='bbox 396 2613 668 2672; x_wconf 81' lang='lat' dir='ltr'>Novo&#39;lestamento</span> <span class='ocrx_word' id='word_1_346' title='bbox 683 2610 922 2676; x_wconf 84' lang='lat' dir='ltr'>notissimusest,</span> <span class='ocrx_word' id='word_1_347' title='bbox 980 2616 1007 2668; x_wconf 88' lang='lat' dir='ltr'>at</span> <span class='ocrx_word' id='word_1_348' title='bbox 1020 2611 1141 2679; x_wconf 90' lang='lat' dir='ltr'>audivit,</span> <span class='ocrx_word' id='word_1_349' title='bbox 1160 2636 1170 2662; x_wconf 81' lang='grc' dir='ltr'>ι</span> <span class='ocrx_word' id='word_1_350' title='bbox 1187 2615 1328 2686; x_wconf 87' lang='lat' dir='ltr'>quoniam</span> <span class='ocrx_word' id='word_1_351' title='bbox 1344 2621 1445 2673; x_wconf 89' lang='lat' dir='ltr'>eontra</span> <span class='ocrx_word' id='word_1_352' title='bbox 1460 2618 1593 2675; x_wconf 89' lang='lat' dir='ltr'>homines</span> <span class='ocrx_word' id='word_1_353' title='bbox 1608 2620 1803 2690; x_wconf 74' lang='lat' dir='ltr'>prevalebis»</span> 
     </span>
     <span class='ocr_line' id='line_1_28' title="bbox 100 2699 1805 2774; baseline 0.004 -12"><span class='ocrx_word' id='word_1_354' title='bbox 100 2703 176 2762; x_wconf 88' lang='lat' dir='ltr'>alios</span> <span class='ocrx_word' id='word_1_355' title='bbox 191 2704 221 2760; x_wconf 88' lang='lat' dir='ltr'>in</span> <span class='ocrx_word' id='word_1_356' title='bbox 234 2704 345 2761; x_wconf 86' lang='lat' dir='ltr'>sanetis</span> <span class='ocrx_word' id='word_1_357' title='bbox 359 2720 417 2761; x_wconf 91' lang='lat' dir='ltr'>non</span> <span class='ocrx_word' id='word_1_358' title='bbox 434 2703 601 2760; x_wconf 86' lang='lat' dir='ltr'>invenimus</span> <span class='ocrx_word' id='word_1_359' title='bbox 611 2699 781 2774; x_wconf 78' lang='lat' dir='ltr'>scripturis,</span> <span class='ocrx_word' id='word_1_360' title='bbox 798 2710 922 2770; x_wconf 85' lang='lat' dir='ltr'>quorum</span> <span class='ocrx_word' id='word_1_361' title='bbox 979 2702 1255 2773; x_wconf 87' lang='lat' dir='ltr'>Propterejusmodi</span> <span class='ocrx_word' id='word_1_362' title='bbox 1265 2705 1805 2768; x_wconf 81' lang='lat' dir='ltr'>duritiamcordismandavitDominue</span> 
     </span>
     <span class='ocr_line' id='line_1_29' title="bbox 99 2788 1804 2870; baseline 0.002 -19"><span class='ocrx_word' id='word_1_363' title='bbox 99 2794 178 2851; x_wconf 87' lang='lat' dir='ltr'>Deus</span> <span class='ocrx_word' id='word_1_364' title='bbox 194 2792 335 2851; x_wconf 88' lang='lat' dir='ltr'>vocabula</span> <span class='ocrx_word' id='word_1_365' title='bbox 350 2792 581 2860; x_wconf 87' lang='lat' dir='ltr'>commutaverit,</span> <span class='ocrx_word' id='word_1_366' title='bbox 593 2791 661 2849; x_wconf 91' lang='lat' dir='ltr'>licet</span> <span class='ocrx_word' id='word_1_367' title='bbox 675 2788 856 2864; x_wconf 89' lang='lat' dir='ltr'>quibusdam</span> <span class='ocrx_word' id='word_1_368' title='bbox 872 2801 925 2858; x_wconf 90' lang='lat' dir='ltr'>po·</span> <span class='ocrx_word' id='word_1_369' title='bbox 981 2794 1148 2863; x_wconf 87' lang='lat' dir='ltr'>peccatores</span> <span class='ocrx_word' id='word_1_370' title='bbox 1167 2793 1292 2850; x_wconf 86' lang='lat' dir='ltr'>interfici</span> <span class='ocrx_word' id='word_1_371' title='bbox 1315 2812 1322 2851; x_wconf 93' lang='lat'>:</span> <span class='ocrx_word' id='word_1_372' title='bbox 1338 2795 1430 2867; x_wconf 90' lang='lat' dir='ltr'>etqui</span> <span class='ocrx_word' id='word_1_373' title='bbox 1455 2795 1509 2852; x_wconf 91' lang='lat' dir='ltr'>hoo</span> <span class='ocrx_word' id='word_1_374' title='bbox 1533 2797 1674 2866; x_wconf 85' lang='lat' dir='ltr'>lecerunt,</span> <span class='ocrx_word' id='word_1_375' title='bbox 1687 2789 1804 2870; x_wconf 85' lang='lat' dir='ltr'>judices</span> 
     </span>
     <span class='ocr_line' id='line_1_30' title="bbox 100 2877 1805 2957; baseline 0.001 -16"><span class='ocrx_word' id='word_1_376' title='bbox 100 2883 204 2954; x_wconf 86' lang='lat' dir='ltr'>suerit,</span> <span class='ocrx_word' id='word_1_377' title='bbox 232 2890 264 2940; x_wconf 94' lang='lat' dir='ltr'>ut</span> <span class='ocrx_word' id='word_1_378' title='bbox 276 2886 374 2947; x_wconf 79' lang='lat' dir='ltr'>Isaac,</span> <span class='ocrx_word' id='word_1_379' title='bbox 399 2883 465 2940; x_wconf 89' lang='lat' dir='ltr'>aliis</span> <span class='ocrx_word' id='word_1_380' title='bbox 485 2881 637 2940; x_wconf 83' lang='lat' dir='ltr'>adauxerit</span> <span class='ocrx_word' id='word_1_381' title='bbox 649 2880 695 2937; x_wconf 88' lang='lat' dir='ltr'>vel</span> <span class='ocrx_word' id='word_1_382' title='bbox 725 2878 874 2948; x_wconf 87' lang='lat' dir='ltr'>minuerit,</span> <span class='ocrx_word' id='word_1_383' title='bbox 891 2880 925 2933; x_wconf 89' lang='lat' dir='ltr'>ut</span> <span class='ocrx_word' id='word_1_384' title='bbox 980 2877 1082 2948; x_wconf 90' lang='lat' dir='ltr'>lsrael,</span> <span class='ocrx_word' id='word_1_385' title='bbox 1099 2885 1127 2936; x_wconf 90' lang='lat' dir='ltr'>et</span> <span class='ocrx_word' id='word_1_386' title='bbox 1142 2881 1422 2953; x_wconf 87' lang='lat' dir='ltr'>patriarchaDavid,</span> <span class='ocrx_word' id='word_1_387' title='bbox 1439 2887 1469 2940; x_wconf 88' lang='lat' dir='ltr'>et</span> <span class='ocrx_word' id='word_1_388' title='bbox 1491 2884 1622 2957; x_wconf 72' lang='lat' dir='ltr'>preclari</span> <span class='ocrx_word' id='word_1_389' title='bbox 1645 2884 1805 2944; x_wconf 87' lang='lat' dir='ltr'>laudantur</span> 
     </span>
     <span class='ocr_line' id='line_1_31' title="bbox 99 2966 1805 3048; baseline -0.001 -17"><span class='ocrx_word' id='word_1_390' title='bbox 99 2975 208 3031; x_wconf 83' lang='lat' dir='ltr'>Abram</span> <span class='ocrx_word' id='word_1_391' title='bbox 220 2977 249 3031; x_wconf 92' lang='lat' dir='ltr'>et</span> <span class='ocrx_word' id='word_1_392' title='bbox 264 2974 358 3045; x_wconf 85' lang='lat' dir='ltr'>Sorai,</span> <span class='ocrx_word' id='word_1_393' title='bbox 383 2972 462 3030; x_wconf 89' lang='lat' dir='ltr'>bunc</span> <span class='ocrx_word' id='word_1_394' title='bbox 484 2970 630 3030; x_wconf 83' lang='lat' dir='ltr'>Abrabam</span> <span class='ocrx_word' id='word_1_395' title='bbox 647 2976 676 3028; x_wconf 91' lang='lat' dir='ltr'>et</span> <span class='ocrx_word' id='word_1_396' title='bbox 699 2970 779 3026; x_wconf 90' lang='lat' dir='ltr'>illam</span> <span class='ocrx_word' id='word_1_397' title='bbox 794 2967 924 3026; x_wconf 86' lang='lat' dir='ltr'>vocando</span> <span class='ocrx_word' id='word_1_398' title='bbox 980 2966 1148 3025; x_wconf 80' lang='lat' dir='ltr'>Machebei.</span> <span class='ocrx_word' id='word_1_399' title='bbox 1164 2992 1179 3021; x_wconf 82' lang='lat' dir='ltr'>a</span> <span class='ocrx_word' id='word_1_400' title='bbox 1195 2971 1238 3026; x_wconf 86' lang='lat' dir='ltr'>Ab</span> <span class='ocrx_word' id='word_1_401' title='bbox 1252 2970 1337 3029; x_wconf 90' lang='lat' dir='ltr'>initio</span> <span class='ocrx_word' id='word_1_402' title='bbox 1350 2978 1448 3029; x_wconf 88' lang='lat' dir='ltr'>autem</span> <span class='ocrx_word' id='word_1_403' title='bbox 1465 2990 1522 3030; x_wconf 89' lang='lat' dir='ltr'>non</span> <span class='ocrx_word' id='word_1_404' title='bbox 1536 2975 1578 3031; x_wconf 89' lang='lat' dir='ltr'>sic</span> <span class='ocrx_word' id='word_1_405' title='bbox 1592 2974 1657 3042; x_wconf 86' lang='lat' dir='ltr'>luit,</span> <span class='ocrx_word' id='word_1_406' title='bbox 1674 2976 1725 3032; x_wconf 89' lang='lat' dir='ltr'>sed</span> <span class='ocrx_word' id='word_1_407' title='bbox 1742 2975 1805 3048; x_wconf 88' lang='lat' dir='ltr'>qui·</span> 
     </span>
     <span class='ocr_line' id='line_1_32' title="bbox 98 3056 1802 3135; baseline 0.002 -17"><span class='ocrx_word' id='word_1_408' title='bbox 98 3066 212 3119; x_wconf 86' lang='lat' dir='ltr'>Seram.</span> <span class='ocrx_word' id='word_1_409' title='bbox 229 3064 296 3129; x_wconf 86' lang='lat' dir='ltr'>Quae</span> <span class='ocrx_word' id='word_1_410' title='bbox 313 3062 407 3134; x_wconf 88' lang='lat' dir='ltr'>igitur</span> <span class='ocrx_word' id='word_1_411' title='bbox 420 3078 509 3119; x_wconf 89' lang='lat' dir='ltr'>cause</span> <span class='ocrx_word' id='word_1_412' title='bbox 523 3060 568 3118; x_wconf 87' lang='lat' dir='ltr'>vel</span> <span class='ocrx_word' id='word_1_413' title='bbox 579 3060 653 3118; x_wconf 86' lang='lat' dir='ltr'>ratio</span> <span class='ocrx_word' id='word_1_414' title='bbox 668 3058 723 3116; x_wconf 84' lang='lat' dir='ltr'>luit</span> <span class='ocrx_word' id='word_1_415' title='bbox 747 3058 778 3115; x_wconf 89' lang='lat' dir='ltr'>in</span> <span class='ocrx_word' id='word_1_416' title='bbox 792 3056 840 3114; x_wconf 91' lang='lat' dir='ltr'>isti</span> <span class='ocrx_word' id='word_1_417' title='bbox 857 3072 923 3112; x_wconf 92' lang='lat' dir='ltr'>mu·</span> <span class='ocrx_word' id='word_1_418' title='bbox 981 3074 1097 3132; x_wconf 90' lang='lat' dir='ltr'>cunque</span> <span class='ocrx_word' id='word_1_419' title='bbox 1108 3059 1335 3129; x_wconf 82' lang='lat' dir='ltr'>occideritcain,</span> <span class='ocrx_word' id='word_1_420' title='bbox 1352 3062 1522 3135; x_wconf 88' lang='lat' dir='ltr'>septuplum</span> <span class='ocrx_word' id='word_1_421' title='bbox 1534 3064 1681 3135; x_wconf 89' lang='lat' dir='ltr'>punietur,</span> <span class='ocrx_word' id='word_1_422' title='bbox 1698 3065 1802 3122; x_wconf 90' lang='lat' dir='ltr'>aitDo·</span> 
     </span>
     <span class='ocr_line' id='line_1_33' title="bbox 99 3147 1802 3226; baseline 0.002 -18"><span class='ocrx_word' id='word_1_423' title='bbox 99 3151 257 3208; x_wconf 76' lang='lat' dir='ltr'>tenatorum</span> <span class='ocrx_word' id='word_1_424' title='bbox 272 3150 425 3207; x_wconf 89' lang='lat' dir='ltr'>nominum</span> <span class='ocrx_word' id='word_1_425' title='bbox 437 3150 603 3207; x_wconf 83' lang='lat' dir='ltr'>&#39;tltrbitrari</span> <span class='ocrx_word' id='word_1_426' title='bbox 627 3149 696 3206; x_wconf 90' lang='lat' dir='ltr'>licet</span> <span class='ocrx_word' id='word_1_427' title='bbox 719 3147 797 3221; x_wconf 89' lang='lat' dir='ltr'>quod</span> <span class='ocrx_word' id='word_1_428' title='bbox 819 3147 849 3203; x_wconf 94' lang='lat' dir='ltr'>in</span> <span class='ocrx_word' id='word_1_429' title='bbox 861 3161 924 3201; x_wconf 89' lang='lat' dir='ltr'>am·</span> <span class='ocrx_word' id='word_1_430' title='bbox 979 3149 1079 3205; x_wconf 89' lang='lat' dir='ltr'>minus</span> <span class='ocrx_word' id='word_1_431' title='bbox 1094 3152 1173 3220; x_wconf 81' lang='lat' dir='ltr'>(Dea.</span> <span class='ocrx_word' id='word_1_432' title='bbox 1189 3151 1237 3221; x_wconf 80' lang='lat' dir='ltr'>av).</span> <span class='ocrx_word' id='word_1_433' title='bbox 1250 3171 1265 3200; x_wconf 78' lang='grc' dir='ltr'>ε</span> <span class='ocrx_word' id='word_1_434' title='bbox 1277 3151 1311 3207; x_wconf 82' lang='lat' dir='ltr'>m</span> <span class='ocrx_word' id='word_1_435' title='bbox 1323 3169 1401 3208; x_wconf 90' lang='lat' dir='ltr'>nunc</span> <span class='ocrx_word' id='word_1_436' title='bbox 1411 3152 1489 3210; x_wconf 90' lang='lat' dir='ltr'>idem</span> <span class='ocrx_word' id='word_1_437' title='bbox 1501 3151 1632 3226; x_wconf 90' lang='lat' dir='ltr'>loquitur</span> <span class='ocrx_word' id='word_1_438' title='bbox 1646 3155 1681 3211; x_wconf 93' lang='lat' dir='ltr'>ad</span> <span class='ocrx_word' id='word_1_439' title='bbox 1698 3155 1802 3225; x_wconf 88' lang='lat' dir='ltr'>istum,</span> 
     </span>
     <span class='ocr_line' id='line_1_34' title="bbox 99 3236 1801 3316; baseline 0.003 -20"><span class='ocrx_word' id='word_1_440' title='bbox 99 3239 193 3296; x_wconf 89' lang='lat' dir='ltr'>bcbue</span> <span class='ocrx_word' id='word_1_441' title='bbox 219 3239 390 3297; x_wconf 86' lang='lat' dir='ltr'>mutationis</span> <span class='ocrx_word' id='word_1_442' title='bbox 420 3241 573 3295; x_wconf 89' lang='lat' dir='ltr'>nominum</span> <span class='ocrx_word' id='word_1_443' title='bbox 597 3255 686 3296; x_wconf 89' lang='lat' dir='ltr'>cauae</span> <span class='ocrx_word' id='word_1_444' title='bbox 704 3237 790 3295; x_wconf 85' lang='lat' dir='ltr'>tuerit</span> <span class='ocrx_word' id='word_1_445' title='bbox 809 3236 924 3293; x_wconf 88' lang='lat' dir='ltr'>instans</span> <span class='ocrx_word' id='word_1_446' title='bbox 978 3238 1064 3310; x_wconf 88' lang='lat' dir='ltr'>cujus</span> <span class='ocrx_word' id='word_1_447' title='bbox 1088 3243 1251 3296; x_wconf 85' lang='lat' dir='ltr'>mutaverat</span> <span class='ocrx_word' id='word_1_448' title='bbox 1273 3240 1459 3313; x_wconf 90' lang='lat' dir='ltr'>vocabulum,</span> <span class='ocrx_word' id='word_1_449' title='bbox 1486 3243 1667 3315; x_wconf 85' lang='lat' dir='ltr'>significans,</span> <span class='ocrx_word' id='word_1_450' title='bbox 1689 3248 1720 3300; x_wconf 94' lang='lat' dir='ltr'>ut</span> <span class='ocrx_word' id='word_1_451' title='bbox 1736 3245 1801 3316; x_wconf 88' lang='lat' dir='ltr'>jam</span> 
     </span>
     <span class='ocr_line' id='line_1_35' title="bbox 98 3326 1801 3404; baseline 0.003 -18"><span class='ocrx_word' id='word_1_452' title='bbox 98 3329 223 3387; x_wconf 89' lang='lat' dir='ltr'>mutatio</span> <span class='ocrx_word' id='word_1_453' title='bbox 239 3345 345 3387; x_wconf 86' lang='lat' dir='ltr'>rerum.</span> <span class='ocrx_word' id='word_1_454' title='bbox 357 3330 388 3385; x_wconf 90' lang='lat' dir='ltr'>ln</span> <span class='ocrx_word' id='word_1_455' title='bbox 400 3328 451 3385; x_wconf 93' lang='lat' dir='ltr'>illo</span> <span class='ocrx_word' id='word_1_456' title='bbox 467 3328 574 3402; x_wconf 92' lang='lat' dir='ltr'>priore,</span> <span class='ocrx_word' id='word_1_457' title='bbox 586 3328 632 3384; x_wconf 91' lang='lat' dir='ltr'>cui</span> <span class='ocrx_word' id='word_1_458' title='bbox 644 3328 830 3384; x_wconf 88' lang='lat' dir='ltr'>dictumest:</span> <span class='ocrx_word' id='word_1_459' title='bbox 843 3347 857 3377; x_wconf 81' lang='lat' dir='ltr'>a</span> <span class='ocrx_word' id='word_1_460' title='bbox 868 3327 923 3383; x_wconf 86' lang='lat' dir='ltr'>Ne·</span> <span class='ocrx_word' id='word_1_461' title='bbox 978 3326 1089 3384; x_wconf 89' lang='lat' dir='ltr'>dictum</span> <span class='ocrx_word' id='word_1_462' title='bbox 1100 3332 1155 3397; x_wconf 89' lang='lat' dir='ltr'>est,</span> <span class='ocrx_word' id='word_1_463' title='bbox 1166 3330 1359 3387; x_wconf 86' lang='lat' dir='ltr'>mutationem</span> <span class='ocrx_word' id='word_1_464' title='bbox 1369 3347 1467 3388; x_wconf 92' lang='lat' dir='ltr'>rerum</span> <span class='ocrx_word' id='word_1_465' title='bbox 1481 3349 1488 3388; x_wconf 77' lang='lat' dir='ltr'><em>z</em></span> <span class='ocrx_word' id='word_1_466' title='bbox 1500 3355 1515 3383; x_wconf 79' lang='grc' dir='ltr'>(ι</span> <span class='ocrx_word' id='word_1_467' title='bbox 1524 3336 1661 3391; x_wconf 85' lang='lat' dir='ltr'>Converte</span> <span class='ocrx_word' id='word_1_468' title='bbox 1672 3332 1801 3404; x_wconf 79' lang='lat' dir='ltr'>gladium</span> 
     </span>
     <span class='ocr_line' id='line_1_36' title="bbox 97 3416 1802 3495; baseline 0.001 -18"><span class='ocrx_word' id='word_1_469' title='bbox 97 3435 247 3495; x_wconf 86' lang='lat' dir='ltr'>quaquam</span> <span class='ocrx_word' id='word_1_470' title='bbox 270 3419 360 3476; x_wconf 87' lang='lat' dir='ltr'>Jacob</span> <span class='ocrx_word' id='word_1_471' title='bbox 390 3417 587 3491; x_wconf 83' lang='lat' dir='ltr'>appellabitur</span> <span class='ocrx_word' id='word_1_472' title='bbox 617 3433 723 3474; x_wconf 87' lang='lat' dir='ltr'>nomen</span> <span class='ocrx_word' id='word_1_473' title='bbox 750 3421 847 3483; x_wconf 91' lang='lat' dir='ltr'>tuum,</span> <span class='ocrx_word' id='word_1_474' title='bbox 872 3416 922 3473; x_wconf 89' lang='lat' dir='ltr'>sed</span> <span class='ocrx_word' id='word_1_475' title='bbox 977 3420 1061 3473; x_wconf 87' lang='lat' dir='ltr'>tuum</span> <span class='ocrx_word' id='word_1_476' title='bbox 1077 3417 1105 3472; x_wconf 91' lang='lat' dir='ltr'>in</span> <span class='ocrx_word' id='word_1_477' title='bbox 1122 3419 1219 3474; x_wconf 91' lang='lat' dir='ltr'>locum</span> <span class='ocrx_word' id='word_1_478' title='bbox 1235 3435 1334 3476; x_wconf 90' lang='lat' dir='ltr'>suum.</span> <span class='ocrx_word' id='word_1_479' title='bbox 1352 3420 1460 3477; x_wconf 89' lang='lat' dir='ltr'>Omnes</span> <span class='ocrx_word' id='word_1_480' title='bbox 1476 3421 1554 3478; x_wconf 89' lang='lat' dir='ltr'>anim</span> <span class='ocrx_word' id='word_1_481' title='bbox 1570 3422 1621 3494; x_wconf 93' lang='lat' dir='ltr'>qui</span> <span class='ocrx_word' id='word_1_482' title='bbox 1638 3423 1802 3494; x_wconf 90' lang='lat' dir='ltr'>acceperint</span> 
     </span>
     <span class='ocr_line' id='line_1_37' title="bbox 99 3504 1802 3583; baseline -0.001 -16"><span class='ocrx_word' id='word_1_483' title='bbox 99 3510 229 3578; x_wconf 70' lang='lat' dir='ltr'>lsrael»</span> <span class='ocrx_word' id='word_1_484' title='bbox 250 3510 461 3566; x_wconf 90' lang='lat' dir='ltr'>mutandarum</span> <span class='ocrx_word' id='word_1_485' title='bbox 492 3507 636 3565; x_wconf 85' lang='lat' dir='ltr'>sententia</span> <span class='ocrx_word' id='word_1_486' title='bbox 659 3522 756 3562; x_wconf 90' lang='lat' dir='ltr'>rerum</span> <span class='ocrx_word' id='word_1_487' title='bbox 783 3505 922 3562; x_wconf 80' lang='lat' dir='ltr'>luitbec.</span> <span class='ocrx_word' id='word_1_488' title='bbox 976 3504 1117 3577; x_wconf 90' lang='lat' dir='ltr'>gladium,</span> <span class='ocrx_word' id='word_1_489' title='bbox 1132 3506 1619 3580; x_wconf 70' lang='lat' dir='ltr'>gladioperibunt,saubauditur,</span> <span class='ocrx_word' id='word_1_490' title='bbox 1637 3509 1694 3566; x_wconf 89' lang='lat' dir='ltr'>nisi</span> <span class='ocrx_word' id='word_1_491' title='bbox 1709 3510 1802 3583; x_wconf 84' lang='lat' dir='ltr'>pmni·</span> 
     </span>
     <span class='ocr_line' id='line_1_38' title="bbox 97 3592 1802 3669; baseline 0.002 -17"><span class='ocrx_word' id='word_1_492' title='bbox 97 3623 112 3652; x_wconf 79' lang='lat' dir='ltr'>a</span> <span class='ocrx_word' id='word_1_493' title='bbox 122 3600 265 3668; x_wconf 82' lang='lat' dir='ltr'>Quoniam</span> <span class='ocrx_word' id='word_1_494' title='bbox 278 3597 510 3656; x_wconf 90' lang='lat' dir='ltr'>sicontraDeum</span> <span class='ocrx_word' id='word_1_495' title='bbox 520 3596 604 3653; x_wconf 84' lang='lat' dir='ltr'>tortis</span> <span class='ocrx_word' id='word_1_496' title='bbox 616 3595 724 3666; x_wconf 90' lang='lat' dir='ltr'>luistis,</span> <span class='ocrx_word' id='word_1_497' title='bbox 736 3599 846 3666; x_wconf 88' lang='lat' dir='ltr'>quanto</span> <span class='ocrx_word' id='word_1_498' title='bbox 862 3611 923 3650; x_wconf 93' lang='lat' dir='ltr'>ma·</span> <span class='ocrx_word' id='word_1_499' title='bbox 978 3592 1101 3649; x_wconf 91' lang='lat' dir='ltr'>tentiam</span> <span class='ocrx_word' id='word_1_500' title='bbox 1116 3595 1230 3667; x_wconf 83' lang='lat' dir='ltr'>egerint</span> <span class='ocrx_word' id='word_1_501' title='bbox 1246 3600 1295 3665; x_wconf 91' lang='lat' dir='ltr'>;et</span> <span class='ocrx_word' id='word_1_502' title='bbox 1315 3597 1392 3669; x_wconf 91' lang='lat' dir='ltr'>apud</span> <span class='ocrx_word' id='word_1_503' title='bbox 1418 3597 1509 3653; x_wconf 89' lang='lat' dir='ltr'>alium</span> <span class='ocrx_word' id='word_1_504' title='bbox 1535 3597 1742 3668; x_wconf 81' lang='lat' dir='ltr'>evengelistae,</span> <span class='ocrx_word' id='word_1_505' title='bbox 1758 3598 1802 3655; x_wconf 94' lang='lat' dir='ltr'>di·</span> 
     </span>
     <span class='ocr_line' id='line_1_39' title="bbox 95 3682 1801 3761; baseline 0 -17"><span class='ocrx_word' id='word_1_506' title='bbox 95 3688 396 3761; x_wconf 88' lang='lat' dir='ltr'>gisoontrahomines</span> <span class='ocrx_word' id='word_1_507' title='bbox 406 3686 621 3761; x_wconf 78' lang='lat' dir='ltr'>prevalebis‘ta</span> <span class='ocrx_word' id='word_1_508' title='bbox 634 3683 812 3758; x_wconf 84' lang='lat' dir='ltr'>(lbtd.)Nam</span> <span class='ocrx_word' id='word_1_509' title='bbox 823 3688 925 3740; x_wconf 90' lang='lat' dir='ltr'>contra</span> <span class='ocrx_word' id='word_1_510' title='bbox 977 3682 1111 3738; x_wconf 84' lang='lat' dir='ltr'>centibus</span> <span class='ocrx_word' id='word_1_511' title='bbox 1127 3683 1289 3755; x_wconf 86' lang='lat' dir='ltr'>apostolia:</span> <span class='ocrx_word' id='word_1_512' title='bbox 1307 3706 1321 3734; x_wconf 79' lang='lat' dir='ltr'>u</span> <span class='ocrx_word' id='word_1_513' title='bbox 1337 3685 1470 3752; x_wconf 89' lang='lat' dir='ltr'>Domine,</span> <span class='ocrx_word' id='word_1_514' title='bbox 1485 3703 1552 3743; x_wconf 91' lang='lat' dir='ltr'>eece</span> <span class='ocrx_word' id='word_1_515' title='bbox 1567 3686 1656 3759; x_wconf 87' lang='lat' dir='ltr'>gladii</span> <span class='ocrx_word' id='word_1_516' title='bbox 1672 3689 1728 3744; x_wconf 93' lang='lat' dir='ltr'>duo</span> <span class='ocrx_word' id='word_1_517' title='bbox 1742 3687 1801 3744; x_wconf 87' lang='lat' dir='ltr'>bic.</span> 
     </span>
     <span class='ocr_line' id='line_1_40' title="bbox 95 3770 1802 3853; baseline -0.002 -18"><span class='ocrx_word' id='word_1_518' title='bbox 95 3777 230 3835; x_wconf 88' lang='lat' dir='ltr'>homines</span> <span class='ocrx_word' id='word_1_519' title='bbox 247 3777 409 3853; x_wconf 77' lang='lat' dir='ltr'>prevalere,</span> <span class='ocrx_word' id='word_1_520' title='bbox 425 3778 495 3851; x_wconf 90' lang='lat' dir='ltr'>quid</span> <span class='ocrx_word' id='word_1_521' title='bbox 520 3776 599 3834; x_wconf 90' lang='lat' dir='ltr'>aliud</span> <span class='ocrx_word' id='word_1_522' title='bbox 620 3779 664 3832; x_wconf 88' lang='lat' dir='ltr'>est</span> <span class='ocrx_word' id='word_1_523' title='bbox 683 3791 771 3847; x_wconf 92' lang='lat' dir='ltr'>quam</span> <span class='ocrx_word' id='word_1_524' title='bbox 789 3772 924 3830; x_wconf 88' lang='lat' dir='ltr'>homines</span> <span class='ocrx_word' id='word_1_525' title='bbox 977 3771 1054 3828; x_wconf 82' lang='lat' dir='ltr'>Dixit</span> <span class='ocrx_word' id='word_1_526' title='bbox 1068 3770 1110 3827; x_wconf 89' lang='lat' dir='ltr'>eis</span> <span class='ocrx_word' id='word_1_527' title='bbox 1124 3787 1131 3826; x_wconf 77' lang='grc' dir='ltr'>ε</span> <span class='ocrx_word' id='word_1_528' title='bbox 1145 3772 1222 3828; x_wconf 90' lang='lat' dir='ltr'>Satis</span> <span class='ocrx_word' id='word_1_529' title='bbox 1235 3774 1452 3846; x_wconf 74' lang='lat' dir='ltr'>cattiacxxu).</span> <span class='ocrx_word' id='word_1_530' title='bbox 1464 3776 1571 3833; x_wconf 74' lang='lat' dir='ltr'>altem:</span> <span class='ocrx_word' id='word_1_531' title='bbox 1583 3775 1802 3849; x_wconf 76' lang='lat' dir='ltr'>«Sinitcusque</span> 
     </span>
     <span class='ocr_line' id='line_1_41' title="bbox 95 3853 1802 3941; baseline -0.001 -17"><span class='ocrx_word' id='word_1_532' title='bbox 95 3869 266 3925; x_wconf 86' lang='lat' dir='ltr'>interllore‘t</span> <span class='ocrx_word' id='word_1_533' title='bbox 290 3870 332 3926; x_wconf 80' lang='lat' dir='ltr'>m</span> <span class='ocrx_word' id='word_1_534' title='bbox 347 3876 415 3924; x_wconf 91' lang='lat' dir='ltr'>tuno</span> <span class='ocrx_word' id='word_1_535' title='bbox 438 3884 531 3941; x_wconf 88' lang='lat' dir='ltr'>genus</span> <span class='ocrx_word' id='word_1_536' title='bbox 558 3865 647 3922; x_wconf 87' lang='lat' dir='ltr'>Jacob</span> <span class='ocrx_word' id='word_1_537' title='bbox 668 3864 728 3921; x_wconf 87' lang='lat' dir='ltr'>sive</span> <span class='ocrx_word' id='word_1_538' title='bbox 752 3862 841 3920; x_wconf 89' lang='lat' dir='ltr'>lsrael</span> <span class='ocrx_word' id='word_1_539' title='bbox 865 3853 922 3920; x_wconf 82' lang='lat' dir='ltr'>non</span> <span class='ocrx_word' id='word_1_540' title='bbox 977 3858 1153 3933; x_wconf 82' lang='lat' dir='ltr'>huc(ibirl.).</span> <span class='ocrx_word' id='word_1_541' title='bbox 1172 3861 1281 3926; x_wconf 82' lang='lat' dir='ltr'>»Quod</span> <span class='ocrx_word' id='word_1_542' title='bbox 1298 3863 1427 3934; x_wconf 86' lang='lat' dir='ltr'>prudens</span> <span class='ocrx_word' id='word_1_543' title='bbox 1449 3864 1564 3921; x_wconf 89' lang='lat' dir='ltr'>auditor</span> <span class='ocrx_word' id='word_1_544' title='bbox 1581 3865 1623 3923; x_wconf 85' lang='lat' dir='ltr'>aio</span> <span class='ocrx_word' id='word_1_545' title='bbox 1637 3864 1802 3938; x_wconf 87' lang='lat' dir='ltr'>intelligere</span> 
     </span>
     <span class='ocr_line' id='line_1_42' title="bbox 94 3949 1800 4029; baseline 0 -16"><span class='ocrx_word' id='word_1_546' title='bbox 94 3956 278 4014; x_wconf 88' lang='lat' dir='ltr'>solummodo</span> <span class='ocrx_word' id='word_1_547' title='bbox 302 3956 492 4029; x_wconf 90' lang='lat' dir='ltr'>permissum,</span> <span class='ocrx_word' id='word_1_548' title='bbox 516 3970 618 4010; x_wconf 92' lang='lat' dir='ltr'>verum</span> <span class='ocrx_word' id='word_1_549' title='bbox 640 3952 727 4010; x_wconf 90' lang='lat' dir='ltr'>etlam</span> <span class='ocrx_word' id='word_1_550' title='bbox 744 3955 923 4025; x_wconf 82' lang='lat' dir='ltr'>preceptum</span> <span class='ocrx_word' id='word_1_551' title='bbox 976 3949 1072 4019; x_wconf 90' lang='lat' dir='ltr'>debet,</span> <span class='ocrx_word' id='word_1_552' title='bbox 1087 3966 1122 4007; x_wconf 91' lang='lat' dir='ltr'>eo</span> <span class='ocrx_word' id='word_1_553' title='bbox 1137 3950 1162 4008; x_wconf 90' lang='lat' dir='ltr'>ei</span> <span class='ocrx_word' id='word_1_554' title='bbox 1179 3951 1306 4008; x_wconf 88' lang='lat' dir='ltr'>diceret:</span> <span class='ocrx_word' id='word_1_555' title='bbox 1322 3952 1418 4008; x_wconf 86' lang='lat' dir='ltr'>Dtadii</span> <span class='ocrx_word' id='word_1_556' title='bbox 1433 3954 1637 4011; x_wconf 88' lang='lat' dir='ltr'>materialibus</span> <span class='ocrx_word' id='word_1_557' title='bbox 1648 3956 1710 4027; x_wconf 89' lang='lat' dir='ltr'>jam</span> <span class='ocrx_word' id='word_1_558' title='bbox 1726 3955 1800 4013; x_wconf 86' lang='lat' dir='ltr'>satia</span> 
     </span>
     <span class='ocr_line' id='line_1_43' title="bbox 95 4038 1799 4119; baseline 0 -17"><span class='ocrx_word' id='word_1_559' title='bbox 95 4045 200 4103; x_wconf 91' lang='lat' dir='ltr'>habuit</span> <span class='ocrx_word' id='word_1_560' title='bbox 212 4055 375 4119; x_wconf 88' lang='lat' dir='ltr'>peccatores</span> <span class='ocrx_word' id='word_1_561' title='bbox 387 4044 529 4110; x_wconf 89' lang='lat' dir='ltr'>occidere,</span> <span class='ocrx_word' id='word_1_562' title='bbox 540 4049 568 4100; x_wconf 93' lang='lat' dir='ltr'>et</span> <span class='ocrx_word' id='word_1_563' title='bbox 578 4044 607 4099; x_wconf 93' lang='lat' dir='ltr'>in</span> <span class='ocrx_word' id='word_1_564' title='bbox 620 4042 723 4116; x_wconf 87' lang='lat' dir='ltr'>primis</span> <span class='ocrx_word' id='word_1_565' title='bbox 731 4042 922 4108; x_wconf 79' lang='lat' dir='ltr'>Chananeus,</span> <span class='ocrx_word' id='word_1_566' title='bbox 977 4038 1086 4095; x_wconf 87' lang='lat' dir='ltr'>lactum</span> <span class='ocrx_word' id='word_1_567' title='bbox 1101 4042 1157 4107; x_wconf 90' lang='lat' dir='ltr'>est,</span> <span class='ocrx_word' id='word_1_568' title='bbox 1173 4044 1202 4096; x_wconf 92' lang='lat' dir='ltr'>et</span> <span class='ocrx_word' id='word_1_569' title='bbox 1217 4041 1247 4096; x_wconf 87' lang='lat' dir='ltr'>in</span> <span class='ocrx_word' id='word_1_570' title='bbox 1262 4039 1321 4097; x_wconf 91' lang='lat' dir='ltr'>illis</span> <span class='ocrx_word' id='word_1_571' title='bbox 1331 4040 1389 4098; x_wconf 92' lang='lat' dir='ltr'>huc</span> <span class='ocrx_word' id='word_1_572' title='bbox 1403 4059 1497 4117; x_wconf 88' lang='lat' dir='ltr'>usque</span> <span class='ocrx_word' id='word_1_573' title='bbox 1509 4045 1672 4101; x_wconf 86' lang='lat' dir='ltr'>necessario</span> <span class='ocrx_word' id='word_1_574' title='bbox 1688 4060 1799 4117; x_wconf 88' lang='lat' dir='ltr'>pugna·</span> 
     </span>
     <span class='ocr_line' id='line_1_44' title="bbox 96 4129 1798 4209; baseline -0.001 -18"><span class='ocrx_word' id='word_1_575' title='bbox 96 4151 171 4209; x_wconf 85' lang='lat' dir='ltr'>quoe</span> <span class='ocrx_word' id='word_1_576' title='bbox 179 4136 260 4207; x_wconf 84' lang='lat' dir='ltr'>juste</span> <span class='ocrx_word' id='word_1_577' title='bbox 274 4140 352 4192; x_wconf 91' lang='lat' dir='ltr'>terra</span> <span class='ocrx_word' id='word_1_578' title='bbox 375 4134 475 4191; x_wconf 87' lang='lat' dir='ltr'>debuit</span> <span class='ocrx_word' id='word_1_579' title='bbox 499 4149 640 4190; x_wconf 78' lang='lat' dir='ltr'>evomere.</span> <span class='ocrx_word' id='word_1_580' title='bbox 663 4131 792 4204; x_wconf 79' lang='lat' dir='ltr'>Exempli</span> <span class='ocrx_word' id='word_1_581' title='bbox 807 4132 921 4205; x_wconf 85' lang='lat' dir='ltr'>gratia:</span> <span class='ocrx_word' id='word_1_582' title='bbox 976 4135 1036 4184; x_wconf 91' lang='lat' dir='ltr'>tum</span> <span class='ocrx_word' id='word_1_583' title='bbox 1050 4132 1107 4199; x_wconf 89' lang='lat' dir='ltr'>est,</span> <span class='ocrx_word' id='word_1_584' title='bbox 1123 4130 1160 4186; x_wconf 92' lang='lat' dir='ltr'>ob</span> <span class='ocrx_word' id='word_1_585' title='bbox 1180 4129 1380 4187; x_wconf 80' lang='lat' dir='ltr'>defensionem</span> <span class='ocrx_word' id='word_1_586' title='bbox 1403 4133 1499 4188; x_wconf 90' lang='lat' dir='ltr'>carnis</span> <span class='ocrx_word' id='word_1_587' title='bbox 1518 4133 1553 4189; x_wconf 93' lang='lat' dir='ltr'>de</span> <span class='ocrx_word' id='word_1_588' title='bbox 1568 4150 1626 4205; x_wconf 89' lang='lat' dir='ltr'>qua</span> <span class='ocrx_word' id='word_1_589' title='bbox 1644 4149 1687 4189; x_wconf 93' lang='lat' dir='ltr'>me</span> <span class='ocrx_word' id='word_1_590' title='bbox 1696 4132 1798 4191; x_wconf 89' lang='lat' dir='ltr'>Jeeum</span> 
     </span>
     <span class='ocr_line' id='line_1_45' title="bbox 99 4217 1800 4297; baseline 0.003 -21"><span class='ocrx_word' id='word_1_591' title='bbox 99 4247 114 4277; x_wconf 82' lang='lat' dir='ltr'>a</span> <span class='ocrx_word' id='word_1_592' title='bbox 130 4224 220 4294; x_wconf 86' lang='lat' dir='ltr'>Vade,</span> <span class='ocrx_word' id='word_1_593' title='bbox 241 4226 336 4297; x_wconf 87' lang='lat' dir='ltr'>inquit</span> <span class='ocrx_word' id='word_1_594' title='bbox 348 4225 487 4282; x_wconf 89' lang='lat' dir='ltr'>Dominus</span> <span class='ocrx_word' id='word_1_595' title='bbox 506 4225 542 4281; x_wconf 91' lang='lat' dir='ltr'>ad</span> <span class='ocrx_word' id='word_1_596' title='bbox 555 4222 633 4291; x_wconf 80' lang='lat' dir='ltr'>Saul,</span> <span class='ocrx_word' id='word_1_597' title='bbox 649 4228 678 4280; x_wconf 88' lang='lat' dir='ltr'>et</span> <span class='ocrx_word' id='word_1_598' title='bbox 692 4228 812 4296; x_wconf 90' lang='lat' dir='ltr'>percute</span> <span class='ocrx_word' id='word_1_599' title='bbox 835 4225 922 4279; x_wconf 81' lang='lat' dir='ltr'>Ama·</span> <span class='ocrx_word' id='word_1_600' title='bbox 976 4217 1125 4275; x_wconf 84' lang='lat' dir='ltr'>Christum</span> <span class='ocrx_word' id='word_1_601' title='bbox 1141 4218 1295 4290; x_wconf 88' lang='lat' dir='ltr'>oportebat</span> <span class='ocrx_word' id='word_1_602' title='bbox 1307 4221 1388 4277; x_wconf 90' lang='lat' dir='ltr'>nasci</span> <span class='ocrx_word' id='word_1_603' title='bbox 1401 4237 1408 4276; x_wconf 94' lang='lat'><strong>:</strong></span> <span class='ocrx_word' id='word_1_604' title='bbox 1420 4222 1484 4294; x_wconf 85' lang='lat' dir='ltr'>jum</span> <span class='ocrx_word' id='word_1_605' title='bbox 1496 4222 1582 4279; x_wconf 89' lang='lat' dir='ltr'>sinite</span> <span class='ocrx_word' id='word_1_606' title='bbox 1597 4223 1709 4294; x_wconf 88' lang='lat' dir='ltr'>gladios</span> <span class='ocrx_word' id='word_1_607' title='bbox 1723 4223 1800 4296; x_wconf 85' lang='lat' dir='ltr'>ejus-</span> 
     </span>
     <span class='ocr_line' id='line_1_46' title="bbox 98 4309 1801 4386; baseline 0 -15"><span class='ocrx_word' id='word_1_608' title='bbox 98 4311 219 4380; x_wconf 65' lang='lat' dir='ltr'>leoh,&#39;et</span> <span class='ocrx_word' id='word_1_609' title='bbox 231 4313 369 4372; x_wconf 86' lang='lat' dir='ltr'>demolire</span> <span class='ocrx_word' id='word_1_610' title='bbox 385 4314 523 4371; x_wconf 87' lang='lat' dir='ltr'>universa</span> <span class='ocrx_word' id='word_1_611' title='bbox 537 4314 612 4386; x_wconf 89' lang='lat' dir='ltr'>ejus.</span> <span class='ocrx_word' id='word_1_612' title='bbox 622 4313 683 4370; x_wconf 91' lang='lat' dir='ltr'>Nou</span> <span class='ocrx_word' id='word_1_613' title='bbox 700 4329 803 4385; x_wconf 87' lang='lat' dir='ltr'>parcas</span> <span class='ocrx_word' id='word_1_614' title='bbox 817 4313 853 4380; x_wconf 89' lang='lat' dir='ltr'>ei,</span> <span class='ocrx_word' id='word_1_615' title='bbox 870 4314 921 4368; x_wconf 90' lang='lat' dir='ltr'>scd</span> <span class='ocrx_word' id='word_1_616' title='bbox 976 4309 1067 4378; x_wconf 90' lang='lat' dir='ltr'>modi,</span> <span class='ocrx_word' id='word_1_617' title='bbox 1083 4314 1112 4364; x_wconf 91' lang='lat' dir='ltr'>et</span> <span class='ocrx_word' id='word_1_618' title='bbox 1127 4313 1254 4381; x_wconf 89' lang='lat' dir='ltr'>pugnate</span> <span class='ocrx_word' id='word_1_619' title='bbox 1269 4326 1342 4367; x_wconf 90' lang='lat' dir='ltr'>novo</span> <span class='ocrx_word' id='word_1_620' title='bbox 1357 4328 1462 4384; x_wconf 86' lang='lat' dir='ltr'>genere</span> <span class='ocrx_word' id='word_1_621' title='bbox 1484 4311 1586 4384; x_wconf 80' lang='lat' dir='ltr'>prelii,</span> <span class='ocrx_word' id='word_1_622' title='bbox 1606 4313 1681 4369; x_wconf 86' lang='lat' dir='ltr'>sicut</span> <span class='ocrx_word' id='word_1_623' title='bbox 1693 4329 1801 4385; x_wconf 87' lang='lat' dir='ltr'>pugna-</span> 
     </span>
     <span class='ocr_line' id='line_1_47' title="bbox 98 4393 1802 4476; baseline 0.005 -24"><span class='ocrx_word' id='word_1_624' title='bbox 98 4403 347 4461; x_wconf 77' lang='lat' dir='ltr'>interflcieaviro</span> <span class='ocrx_word' id='word_1_625' title='bbox 371 4405 448 4462; x_wconf 69' lang='grc'>596</span> <span class='ocrx_word' id='word_1_626' title='bbox 472 4404 620 4476; x_wconf 78' lang='lat' dir='ltr'>usquead</span> <span class='ocrx_word' id='word_1_627' title='bbox 639 4402 924 4474; x_wconf 72' lang='lat' dir='ltr'>mulierem‚etpar·</span> <span class='ocrx_word' id='word_1_628' title='bbox 974 4397 1192 4454; x_wconf 81' lang='lat' dir='ltr'>tumeatindie</span> <span class='ocrx_word' id='word_1_629' title='bbox 1209 4398 1435 4469; x_wconf 76' lang='lat' dir='ltr'>Madian,idesl</span> <span class='ocrx_word' id='word_1_630' title='bbox 1451 4402 1528 4458; x_wconf 78' lang='lat' dir='ltr'>sicut</span> <span class='ocrx_word' id='word_1_631' title='bbox 1543 4393 1802 4474; x_wconf 42' lang='lat' dir='ltr'>significetum&#39;esl</span> 
     </span>
     <span class='ocr_line' id='line_1_48' title="bbox 96 4479 1802 4566; baseline 0.001 -18"><span class='ocrx_word' id='word_1_632' title='bbox 96 4492 197 4549; x_wconf 89' lang='lat' dir='ltr'>vulum</span> <span class='ocrx_word' id='word_1_633' title='bbox 217 4497 305 4566; x_wconf 88' lang='lat' dir='ltr'>atque</span> <span class='ocrx_word' id='word_1_634' title='bbox 329 4493 484 4550; x_wconf 89' lang='lat' dir='ltr'>lactantem</span> <span class='ocrx_word' id='word_1_635' title='bbox 507 4496 585 4563; x_wconf 77' lang='lat' dir='ltr'>(Dap.</span> <span class='ocrx_word' id='word_1_636' title='bbox 606 4494 662 4564; x_wconf 83' lang='lat' dir='ltr'>xv).</span> <span class='ocrx_word' id='word_1_637' title='bbox 680 4512 692 4544; x_wconf 80' lang='grc' dir='ltr'><strong>ι</strong></span> <span class='ocrx_word' id='word_1_638' title='bbox 718 4494 775 4548; x_wconf 88' lang='lat' dir='ltr'>ttoc</span> <span class='ocrx_word' id='word_1_639' title='bbox 789 4508 847 4548; x_wconf 90' lang='lat' dir='ltr'>non</span> <span class='ocrx_word' id='word_1_640' title='bbox 861 4479 961 4548; x_wconf 86' lang='lat' dir='ltr'>tan-D</span> <span class='ocrx_word' id='word_1_641' title='bbox 977 4486 1039 4543; x_wconf 90' lang='lat' dir='ltr'>illic</span> <span class='ocrx_word' id='word_1_642' title='bbox 1053 4487 1103 4544; x_wconf 92' lang='lat' dir='ltr'>ubi</span> <span class='ocrx_word' id='word_1_643' title='bbox 1119 4488 1235 4545; x_wconf 86' lang='lat' dir='ltr'>Gedeon</span> <span class='ocrx_word' id='word_1_644' title='bbox 1257 4492 1408 4562; x_wconf 86' lang='lat' dir='ltr'>superavit</span> <span class='ocrx_word' id='word_1_645' title='bbox 1429 4491 1545 4547; x_wconf 90' lang='lat' dir='ltr'>Madian</span> <span class='ocrx_word' id='word_1_646' title='bbox 1570 4491 1668 4563; x_wconf 75' lang='lat' dir='ltr'>(lartio.</span> <span class='ocrx_word' id='word_1_647' title='bbox 1684 4494 1744 4564; x_wconf 80' lang='lat' dir='ltr'>vri).</span> <span class='ocrx_word' id='word_1_648' title='bbox 1761 4492 1802 4550; x_wconf 92' lang='lat' dir='ltr'>De</span> 
     </span>
     <span class='ocr_line' id='line_1_49' title="bbox 97 4576 1803 4654; baseline -0.001 -14"><span class='ocrx_word' id='word_1_649' title='bbox 97 4582 252 4640; x_wconf 91' lang='lat' dir='ltr'>tummodo</span> <span class='ocrx_word' id='word_1_650' title='bbox 268 4581 663 4654; x_wconf 88' lang='lat' dir='ltr'>permissum,verumetiam</span> <span class='ocrx_word' id='word_1_651' title='bbox 679 4595 771 4651; x_wconf 79' lang='lat' dir='ltr'>usque</span> <span class='ocrx_word' id='word_1_652' title='bbox 787 4578 921 4635; x_wconf 90' lang='lat' dir='ltr'>adeoluit</span> <span class='ocrx_word' id='word_1_653' title='bbox 975 4576 1026 4633; x_wconf 90' lang='lat' dir='ltr'>ilto</span> <span class='ocrx_word' id='word_1_654' title='bbox 1041 4578 1139 4649; x_wconf 82' lang='lat' dir='ltr'>prelio</span> <span class='ocrx_word' id='word_1_655' title='bbox 1150 4578 1211 4649; x_wconf 91' lang='lat' dir='ltr'>jam</span> <span class='ocrx_word' id='word_1_656' title='bbox 1227 4579 1363 4651; x_wconf 87' lang='lat' dir='ltr'>superius</span> <span class='ocrx_word' id='word_1_657' title='bbox 1374 4578 1485 4636; x_wconf 90' lang='lat' dir='ltr'>dictum</span> <span class='ocrx_word' id='word_1_658' title='bbox 1505 4585 1568 4637; x_wconf 88' lang='lat' dir='ltr'>eat:</span> <span class='ocrx_word' id='word_1_659' title='bbox 1583 4603 1597 4636; x_wconf 80' lang='grc' dir='ltr'>ε</span> <span class='ocrx_word' id='word_1_660' title='bbox 1612 4582 1645 4638; x_wconf 77' lang='lat' dir='ltr'>lit</span> <span class='ocrx_word' id='word_1_661' title='bbox 1659 4582 1803 4638; x_wconf 89' lang='lat' dir='ltr'>circuibat</span> 
     </span>
     <span class='ocr_line' id='line_1_50' title="bbox 96 4666 1803 4745; baseline 0.001 -19"><span class='ocrx_word' id='word_1_662' title='bbox 96 4668 921 4744; x_wconf 71' lang='lat' dir='ltr'>preceptumut,cumillepepercieset,diceretDominus</span> <span class='ocrx_word' id='word_1_663' title='bbox 975 4667 1064 4725; x_wconf 88' lang='lat' dir='ltr'>Jesus</span> <span class='ocrx_word' id='word_1_664' title='bbox 1079 4672 1170 4724; x_wconf 88' lang='lat' dir='ltr'>totam</span> <span class='ocrx_word' id='word_1_665' title='bbox 1187 4666 1501 4740; x_wconf 82' lang='lat' dir='ltr'>Galileam,docenain</span> <span class='ocrx_word' id='word_1_666' title='bbox 1515 4672 1678 4745; x_wconf 76' lang='lat' dir='ltr'>synagogis</span> <span class='ocrx_word' id='word_1_667' title='bbox 1689 4687 1803 4741; x_wconf 91' lang='lat' dir='ltr'>eorum,</span> 
     </span>
     <span class='ocr_line' id='line_1_51' title="bbox 98 4754 1802 4833; baseline 0.001 -16"><span class='ocrx_word' id='word_1_668' title='bbox 98 4760 311 4818; x_wconf 79' lang='lat' dir='ltr'>odSamue12r</span> <span class='ocrx_word' id='word_1_669' title='bbox 328 4760 451 4818; x_wconf 73' lang='lat' dir='ltr'>Paenitet</span> <span class='ocrx_word' id='word_1_670' title='bbox 473 4775 519 4816; x_wconf 91' lang='lat' dir='ltr'>me</span> <span class='ocrx_word' id='word_1_671' title='bbox 543 4759 620 4831; x_wconf 89' lang='lat' dir='ltr'>quod</span> <span class='ocrx_word' id='word_1_672' title='bbox 641 4754 921 4814; x_wconf 84' lang='lat' dir='ltr'>constituarimSaul</span> <span class='ocrx_word' id='word_1_673' title='bbox 975 4761 1005 4815; x_wconf 90' lang='lat' dir='ltr'>et</span> <span class='ocrx_word' id='word_1_674' title='bbox 1018 4758 1180 4830; x_wconf 83' lang='lat' dir='ltr'>predicans</span> <span class='ocrx_word' id='word_1_675' title='bbox 1195 4759 1385 4831; x_wconf 85' lang='lat' dir='ltr'>Evangelium</span> <span class='ocrx_word' id='word_1_676' title='bbox 1410 4761 1503 4833; x_wconf 86' lang='lat' dir='ltr'>regni,</span> <span class='ocrx_word' id='word_1_677' title='bbox 1521 4766 1549 4817; x_wconf 90' lang='lat' dir='ltr'>et</span> <span class='ocrx_word' id='word_1_678' title='bbox 1564 4777 1672 4818; x_wconf 88' lang='lat' dir='ltr'>sanans</span> <span class='ocrx_word' id='word_1_679' title='bbox 1683 4777 1802 4819; x_wconf 87' lang='lat' dir='ltr'>omnem</span> 
     </span>
     <span class='ocr_line' id='line_1_52' title="bbox 99 4847 1803 4923; baseline 0.002 -18"><span class='ocrx_word' id='word_1_680' title='bbox 99 4865 210 4923; x_wconf 90' lang='lat' dir='ltr'>regem,</span> <span class='ocrx_word' id='word_1_681' title='bbox 223 4854 292 4922; x_wconf 84' lang='lat' dir='ltr'>quio</span> <span class='ocrx_word' id='word_1_682' title='bbox 308 4850 462 4921; x_wconf 86' lang='lat' dir='ltr'>dereliquit</span> <span class='ocrx_word' id='word_1_683' title='bbox 474 4865 531 4919; x_wconf 91' lang='lat' dir='ltr'>me,</span> <span class='ocrx_word' id='word_1_684' title='bbox 546 4852 575 4904; x_wconf 85' lang='lat' dir='ltr'>et</span> <span class='ocrx_word' id='word_1_685' title='bbox 589 4847 677 4904; x_wconf 89' lang='lat' dir='ltr'>verba</span> <span class='ocrx_word' id='word_1_686' title='bbox 692 4862 755 4904; x_wconf 88' lang='lat' dir='ltr'>mea</span> <span class='ocrx_word' id='word_1_687' title='bbox 767 4861 921 4918; x_wconf 88' lang='lat' dir='ltr'>operenon</span> <span class='ocrx_word' id='word_1_688' title='bbox 977 4847 1147 4920; x_wconf 85' lang='lat' dir='ltr'>languorem</span> <span class='ocrx_word' id='word_1_689' title='bbox 1163 4852 1192 4904; x_wconf 91' lang='lat' dir='ltr'>et</span> <span class='ocrx_word' id='word_1_690' title='bbox 1220 4863 1337 4904; x_wconf 89' lang='lat' dir='ltr'>omnem</span> <span class='ocrx_word' id='word_1_691' title='bbox 1363 4849 1564 4906; x_wconf 83' lang='lat' dir='ltr'>infirmitatem</span> <span class='ocrx_word' id='word_1_692' title='bbox 1588 4851 1615 4906; x_wconf 89' lang='lat' dir='ltr'>in</span> <span class='ocrx_word' id='word_1_693' title='bbox 1634 4849 1751 4922; x_wconf 91' lang='lat' dir='ltr'>populo.</span> <span class='ocrx_word' id='word_1_694' title='bbox 1767 4851 1803 4908; x_wconf 79' lang='lat' dir='ltr'>l&#39;lt</span> 
     </span>
     <span class='ocr_line' id='line_1_53' title="bbox 98 4936 1802 5013; baseline 0.002 -18"><span class='ocrx_word' id='word_1_695' title='bbox 98 4940 341 5013; x_wconf 65' lang='lat' dir='ltr'>implevittibidl.</span> <span class='ocrx_word' id='word_1_696' title='bbox 359 4963 373 4992; x_wconf 82' lang='lat' dir='ltr'>a</span> <span class='ocrx_word' id='word_1_697' title='bbox 391 4941 434 4997; x_wconf 79' lang='lat' dir='ltr'>Ab</span> <span class='ocrx_word' id='word_1_698' title='bbox 450 4939 534 4996; x_wconf 90' lang='lat' dir='ltr'>initio</span> <span class='ocrx_word' id='word_1_699' title='bbox 544 4942 711 4995; x_wconf 91' lang='lat' dir='ltr'>autemnon</span> <span class='ocrx_word' id='word_1_700' title='bbox 722 4938 762 4993; x_wconf 92' lang='lat' dir='ltr'>ita</span> <span class='ocrx_word' id='word_1_701' title='bbox 773 4938 838 5006; x_wconf 86' lang='lat' dir='ltr'>tuit,</span> <span class='ocrx_word' id='word_1_702' title='bbox 848 4937 921 4994; x_wconf 82' lang='lat' dir='ltr'>«aad</span> <span class='ocrx_word' id='word_1_703' title='bbox 977 4937 1051 4993; x_wconf 90' lang='lat' dir='ltr'>abiit</span> <span class='ocrx_word' id='word_1_704' title='bbox 1066 4936 1166 5010; x_wconf 91' lang='lat' dir='ltr'>opinio</span> <span class='ocrx_word' id='word_1_705' title='bbox 1182 4939 1247 5010; x_wconf 89' lang='lat' dir='ltr'>ejus</span> <span class='ocrx_word' id='word_1_706' title='bbox 1258 4936 1288 4992; x_wconf 89' lang='lat' dir='ltr'>in</span> <span class='ocrx_word' id='word_1_707' title='bbox 1304 4941 1393 4994; x_wconf 90' lang='lat' dir='ltr'>totam</span> <span class='ocrx_word' id='word_1_708' title='bbox 1410 4940 1531 5011; x_wconf 80' lang='lat' dir='ltr'>syriam,</span> <span class='ocrx_word' id='word_1_709' title='bbox 1546 4943 1576 4995; x_wconf 89' lang='lat' dir='ltr'>et</span> <span class='ocrx_word' id='word_1_710' title='bbox 1589 4939 1760 4996; x_wconf 90' lang='lat' dir='ltr'>obtulerunt</span> <span class='ocrx_word' id='word_1_711' title='bbox 1774 4942 1802 4998; x_wconf 91' lang='lat' dir='ltr'>ei</span> 
     </span>
     <span class='ocr_line' id='line_1_54' title="bbox 102 5025 1801 5101; baseline 0.001 -15"><span class='ocrx_word' id='word_1_712' title='bbox 102 5029 200 5086; x_wconf 91' lang='lat' dir='ltr'>omnis</span> <span class='ocrx_word' id='word_1_713' title='bbox 211 5030 261 5101; x_wconf 89' lang='lat' dir='ltr'>qni</span> <span class='ocrx_word' id='word_1_714' title='bbox 284 5031 422 5086; x_wconf 90' lang='lat' dir='ltr'>occiderit</span> <span class='ocrx_word' id='word_1_715' title='bbox 444 5029 524 5097; x_wconf 89' lang='lat' dir='ltr'>cain,</span> <span class='ocrx_word' id='word_1_716' title='bbox 541 5028 672 5084; x_wconf 83' lang='lat' dir='ltr'>nitidem</span> <span class='ocrx_word' id='word_1_717' title='bbox 689 5027 839 5093; x_wconf 84' lang='lat' dir='ltr'>Dominus,</span> <span class='ocrx_word' id='word_1_718' title='bbox 856 5042 922 5099; x_wconf 93' lang='lat' dir='ltr'>sep·</span> <span class='ocrx_word' id='word_1_719' title='bbox 977 5041 1076 5084; x_wconf 88' lang='lat' dir='ltr'>omnes</span> <span class='ocrx_word' id='word_1_720' title='bbox 1097 5025 1172 5082; x_wconf 90' lang='lat' dir='ltr'>male</span> <span class='ocrx_word' id='word_1_721' title='bbox 1193 5025 1344 5094; x_wconf 87' lang='lat' dir='ltr'>habentes,</span> <span class='ocrx_word' id='word_1_722' title='bbox 1372 5027 1460 5084; x_wconf 88' lang='lat' dir='ltr'>variis</span> <span class='ocrx_word' id='word_1_723' title='bbox 1483 5027 1675 5101; x_wconf 89' lang='lat' dir='ltr'>languoribus</span> <span class='ocrx_word' id='word_1_724' title='bbox 1699 5035 1728 5086; x_wconf 87' lang='lat' dir='ltr'>et</span> <span class='ocrx_word' id='word_1_725' title='bbox 1742 5034 1801 5087; x_wconf 93' lang='lat' dir='ltr'>tor·</span> 
     </span>
     <span class='ocr_line' id='line_1_55' title="bbox 98 5114 1803 5190; baseline 0.001 -15"><span class='ocrx_word' id='word_1_726' title='bbox 98 5117 219 5187; x_wconf 88' lang='lat' dir='ltr'>tuplum</span> <span class='ocrx_word' id='word_1_727' title='bbox 235 5119 373 5190; x_wconf 82' lang='lat' dir='ltr'>punietur</span> <span class='ocrx_word' id='word_1_728' title='bbox 389 5117 542 5188; x_wconf 62' lang='lat' dir='ltr'>idearum.»</span> <span class='ocrx_word' id='word_1_729' title='bbox 558 5115 924 5188; x_wconf 86' lang='lat' dir='ltr'>QuomodoresponditDo-</span> <span class='ocrx_word' id='word_1_730' title='bbox 977 5116 1085 5173; x_wconf 89' lang='lat' dir='ltr'>mentis</span> <span class='ocrx_word' id='word_1_731' title='bbox 1096 5114 1333 5187; x_wconf 89' lang='lat' dir='ltr'>comprehensos,</span> <span class='ocrx_word' id='word_1_732' title='bbox 1348 5120 1376 5172; x_wconf 90' lang='lat' dir='ltr'>et</span> <span class='ocrx_word' id='word_1_733' title='bbox 1388 5117 1438 5190; x_wconf 93' lang='lat' dir='ltr'>qui</span> <span class='ocrx_word' id='word_1_734' title='bbox 1449 5118 1593 5175; x_wconf 79' lang='lat' dir='ltr'>damonia</span> <span class='ocrx_word' id='word_1_735' title='bbox 1604 5118 1762 5187; x_wconf 89' lang='lat' dir='ltr'>habebant,</span> <span class='ocrx_word' id='word_1_736' title='bbox 1773 5123 1803 5176; x_wconf 89' lang='lat' dir='ltr'>et</span> 
     </span>
     <span class='ocr_line' id='line_1_56' title="bbox 98 5203 1802 5279; baseline 0.001 -17"><span class='ocrx_word' id='word_1_737' title='bbox 98 5205 199 5262; x_wconf 85' lang='lat' dir='ltr'>minua</span> <span class='ocrx_word' id='word_1_738' title='bbox 212 5207 378 5263; x_wconf 87' lang='lat' dir='ltr'>dicentibus</span> <span class='ocrx_word' id='word_1_739' title='bbox 395 5207 452 5262; x_wconf 89' lang='lat' dir='ltr'>sibi</span> <span class='ocrx_word' id='word_1_740' title='bbox 468 5223 475 5262; x_wconf 91' lang='lat'>:</span> <span class='ocrx_word' id='word_1_741' title='bbox 491 5206 564 5272; x_wconf 82' lang='lat' dir='ltr'>Quid</span> <span class='ocrx_word' id='word_1_742' title='bbox 582 5222 650 5279; x_wconf 90' lang='lat' dir='ltr'>ergo</span> <span class='ocrx_word' id='word_1_743' title='bbox 665 5208 758 5262; x_wconf 84' lang='lat' dir='ltr'>Moses</span> <span class='ocrx_word' id='word_1_744' title='bbox 773 5205 925 5262; x_wconf 88' lang='lat' dir='ltr'>mandavit</span> <span class='ocrx_word' id='word_1_745' title='bbox 976 5205 1121 5263; x_wconf 88' lang='lat' dir='ltr'>lunaticos</span> <span class='ocrx_word' id='word_1_746' title='bbox 1136 5208 1166 5260; x_wconf 92' lang='lat' dir='ltr'>et</span> <span class='ocrx_word' id='word_1_747' title='bbox 1188 5203 1374 5278; x_wconf 80' lang='lat' dir='ltr'>paralyticos,</span> <span class='ocrx_word' id='word_1_748' title='bbox 1400 5211 1429 5262; x_wconf 90' lang='lat' dir='ltr'>et</span> <span class='ocrx_word' id='word_1_749' title='bbox 1444 5207 1558 5264; x_wconf 89' lang='lat' dir='ltr'>curavit</span> <span class='ocrx_word' id='word_1_750' title='bbox 1580 5224 1640 5279; x_wconf 89' lang='lat' dir='ltr'>eoa,</span> <span class='ocrx_word' id='word_1_751' title='bbox 1658 5213 1802 5264; x_wconf 85' lang='lat' dir='ltr'>etsecuta</span> 
     </span>
     <span class='ocr_line' id='line_1_57' title="bbox 98 5293 1805 5369; baseline 0.001 -19"><span class='ocrx_word' id='word_1_752' title='bbox 98 5295 169 5351; x_wconf 91' lang='lat' dir='ltr'>dare</span> <span class='ocrx_word' id='word_1_753' title='bbox 185 5295 316 5352; x_wconf 89' lang='lat' dir='ltr'>libellum</span> <span class='ocrx_word' id='word_1_754' title='bbox 333 5296 460 5369; x_wconf 88' lang='lat' dir='ltr'>repudii,</span> <span class='ocrx_word' id='word_1_755' title='bbox 477 5301 503 5353; x_wconf 90' lang='lat' dir='ltr'>et</span> <span class='ocrx_word' id='word_1_756' title='bbox 518 5295 663 5353; x_wconf 91' lang='lat' dir='ltr'>dimittere</span> <span class='ocrx_word' id='word_1_757' title='bbox 682 5311 801 5352; x_wconf 83' lang='lat' dir='ltr'>uxorem</span> <span class='ocrx_word' id='word_1_758' title='bbox 818 5295 922 5366; x_wconf 68' lang='lat' dir='ltr'>(battle</span> <span class='ocrx_word' id='word_1_759' title='bbox 978 5301 1049 5353; x_wconf 86' lang='lat' dir='ltr'>aunt</span> <span class='ocrx_word' id='word_1_760' title='bbox 1062 5312 1129 5352; x_wconf 91' lang='lat' dir='ltr'>eum</span> <span class='ocrx_word' id='word_1_761' title='bbox 1146 5293 1238 5350; x_wconf 82' lang='lat' dir='ltr'>turbe</span> <span class='ocrx_word' id='word_1_762' title='bbox 1253 5293 1354 5351; x_wconf 83' lang='lat' dir='ltr'>multe</span> <span class='ocrx_word' id='word_1_763' title='bbox 1377 5295 1413 5351; x_wconf 91' lang='lat' dir='ltr'>de</span> <span class='ocrx_word' id='word_1_764' title='bbox 1440 5296 1568 5368; x_wconf 75' lang='lat' dir='ltr'>Galilaea,</span> <span class='ocrx_word' id='word_1_765' title='bbox 1584 5305 1610 5353; x_wconf 90' lang='lat' dir='ltr'>et</span> <span class='ocrx_word' id='word_1_766' title='bbox 1626 5295 1762 5369; x_wconf 88' lang='lat' dir='ltr'>Decapoli</span> <span class='ocrx_word' id='word_1_767' title='bbox 1776 5301 1805 5352; x_wconf 89' lang='lat' dir='ltr'>et</span> 
     </span>
     <span class='ocr_line' id='line_1_58' title="bbox 98 5382 1807 5459; baseline 0 -18"><span class='ocrx_word' id='word_1_768' title='bbox 98 5384 178 5454; x_wconf 78' lang='lat' dir='ltr'>xrxl:</span> <span class='ocrx_word' id='word_1_769' title='bbox 196 5408 211 5436; x_wconf 89' lang='lat'>»</span> <span class='ocrx_word' id='word_1_770' title='bbox 224 5387 282 5442; x_wconf 86' lang='lat' dir='ltr'>tera</span> <span class='ocrx_word' id='word_1_771' title='bbox 297 5386 433 5443; x_wconf 87' lang='lat' dir='ltr'>similiter</span> <span class='ocrx_word' id='word_1_772' title='bbox 447 5386 685 5458; x_wconf 89' lang='lat' dir='ltr'>respondendum</span> <span class='ocrx_word' id='word_1_773' title='bbox 700 5391 754 5453; x_wconf 89' lang='lat' dir='ltr'>est,</span> <span class='ocrx_word' id='word_1_774' title='bbox 771 5384 795 5441; x_wconf 89' lang='grc' dir='ltr'>εἰ</span> <span class='ocrx_word' id='word_1_775' title='bbox 810 5400 924 5457; x_wconf 81' lang='lat' dir='ltr'>quares</span> <span class='ocrx_word' id='word_1_776' title='bbox 980 5383 1190 5459; x_wconf 83' lang='lat' dir='ltr'>Hierosolymis</span> <span class='ocrx_word' id='word_1_777' title='bbox 1202 5388 1231 5442; x_wconf 91' lang='lat' dir='ltr'>et</span> <span class='ocrx_word' id='word_1_778' title='bbox 1242 5382 1258 5441; x_wconf 91' lang='lat' dir='ltr'>J</span> <span class='ocrx_word' id='word_1_779' title='bbox 1262 5385 1343 5442; x_wconf 84' lang='lat' dir='ltr'>udrea</span> <span class='ocrx_word' id='word_1_780' title='bbox 1356 5390 1385 5442; x_wconf 91' lang='lat' dir='ltr'>et</span> <span class='ocrx_word' id='word_1_781' title='bbox 1397 5391 1479 5442; x_wconf 84' lang='lat' dir='ltr'>trans</span> <span class='ocrx_word' id='word_1_782' title='bbox 1493 5387 1665 5442; x_wconf 87' lang='lat' dir='ltr'>Jordanem.</span> <span class='ocrx_word' id='word_1_783' title='bbox 1682 5406 1696 5434; x_wconf 77' lang='lat' dir='ltr'>a</span> <span class='ocrx_word' id='word_1_784' title='bbox 1712 5384 1807 5456; x_wconf 89' lang='lat' dir='ltr'>Opera</span> 
     </span>
     <span class='ocr_line' id='line_1_59' title="bbox 99 5473 1808 5548; baseline 0.001 -19"><span class='ocrx_word' id='word_1_785' title='bbox 99 5473 171 5547; x_wconf 88' lang='lat' dir='ltr'>quid</span> <span class='ocrx_word' id='word_1_786' title='bbox 184 5474 327 5533; x_wconf 89' lang='lat' dir='ltr'>Dominus</span> <span class='ocrx_word' id='word_1_787' title='bbox 337 5476 470 5533; x_wconf 87' lang='lat' dir='ltr'>homines</span> <span class='ocrx_word' id='word_1_788' title='bbox 481 5476 632 5533; x_wconf 85' lang='lat' dir='ltr'>mandavit</span> <span class='ocrx_word' id='word_1_789' title='bbox 642 5474 776 5544; x_wconf 80' lang='lat' dir='ltr'>interfici,</span> <span class='ocrx_word' id='word_1_790' title='bbox 790 5475 923 5548; x_wconf 88' lang='lat' dir='ltr'>dicendo,</span> <span class='ocrx_word' id='word_1_791' title='bbox 979 5473 1161 5547; x_wconf 81' lang='lat' dir='ltr'>hujusmodi,</span> <span class='ocrx_word' id='word_1_792' title='bbox 1178 5490 1266 5547; x_wconf 90' lang='lat' dir='ltr'>opera</span> <span class='ocrx_word' id='word_1_793' title='bbox 1282 5475 1408 5547; x_wconf 85' lang='lat' dir='ltr'>pietatis,</span> <span class='ocrx_word' id='word_1_794' title='bbox 1436 5490 1562 5547; x_wconf 89' lang='lat' dir='ltr'>quorum</span> <span class='ocrx_word' id='word_1_795' title='bbox 1591 5475 1651 5531; x_wconf 84' lang='lat' dir='ltr'>bac</span> <span class='ocrx_word' id='word_1_796' title='bbox 1667 5473 1752 5529; x_wconf 89' lang='lat' dir='ltr'>initia</span> <span class='ocrx_word' id='word_1_797' title='bbox 1764 5473 1808 5530; x_wconf 86' lang='lat' dir='ltr'>fu·</span> 
     </span>
     <span class='ocr_line' id='line_1_60' title="bbox 100 5562 1807 5640; baseline 0.001 -20"><span class='ocrx_word' id='word_1_798' title='bbox 100 5587 116 5620; x_wconf 85' lang='lat' dir='ltr'>a</span> <span class='ocrx_word' id='word_1_799' title='bbox 132 5567 352 5640; x_wconf 87' lang='lat' dir='ltr'>quantomagis</span> <span class='ocrx_word' id='word_1_800' title='bbox 370 5570 472 5625; x_wconf 87' lang='lat' dir='ltr'>eontra</span> <span class='ocrx_word' id='word_1_801' title='bbox 482 5565 618 5624; x_wconf 84' lang='lat' dir='ltr'>homiues</span> <span class='ocrx_word' id='word_1_802' title='bbox 628 5564 821 5640; x_wconf 82' lang='lat' dir='ltr'>prevalebis?</span> <span class='ocrx_word' id='word_1_803' title='bbox 835 5586 850 5616; x_wconf 77' lang='lat' dir='ltr'>a</span> <span class='ocrx_word' id='word_1_804' title='bbox 866 5565 924 5623; x_wconf 84' lang='lat' dir='ltr'>lte·</span> <span class='ocrx_word' id='word_1_805' title='bbox 979 5568 1078 5634; x_wconf 89' lang='lat' dir='ltr'>eruut,</span> <span class='ocrx_word' id='word_1_806' title='bbox 1091 5565 1287 5637; x_wconf 89' lang='lat' dir='ltr'>portendebat</span> <span class='ocrx_word' id='word_1_807' title='bbox 1312 5564 1430 5637; x_wconf 84' lang='lat' dir='ltr'>siguum</span> <span class='ocrx_word' id='word_1_808' title='bbox 1456 5566 1533 5637; x_wconf 87' lang='lat' dir='ltr'>paud</span> <span class='ocrx_word' id='word_1_809' title='bbox 1549 5564 1611 5622; x_wconf 89' lang='lat' dir='ltr'>sive</span> <span class='ocrx_word' id='word_1_810' title='bbox 1627 5562 1807 5637; x_wconf 83' lang='lat' dir='ltr'>significatio</span> 
     </span>
    </p>
   </div>
   <div class='ocr_carea' id='block_1_3' title="bbox 243 5683 1650 5749">
    <p class='ocr_par' dir='ltr' id='par_1_4' title="bbox 243 5683 1650 5749">
     <span class='ocr_line' id='line_1_61' title="bbox 243 5683 1650 5749; baseline -0.003 -3"><span class='ocrx_word' id='word_1_811' title='bbox 243 5685 377 5748; x_wconf 78' lang='lat' dir='ltr'>Parion.</span> <span class='ocrx_word' id='word_1_812' title='bbox 399 5683 553 5749; x_wconf 76' lang='lat' dir='ltr'>caxvnt.</span> <span class='ocrx_word' id='word_1_813' title='bbox 1609 5685 1650 5742; x_wconf 79' lang='lat' dir='ltr'>ts</span> 
     </span>
    </p>
   </div>
   <div class='ocr_carea' id='block_1_4' title="bbox 0 0 1918 6014">
    <p class='ocr_par' dir='ltr' id='par_1_5' title="bbox 0 0 1918 6014">
     <span class='ocr_line' id='line_1_62' title="bbox 0 0 1918 6014; baseline 0 1"><span class='ocrx_word' id='word_1_814' title='bbox 0 0 1918 6014; x_wconf 95' lang='lat' dir='ltr'> </span> 
     </span>
    </p>
   </div>
  </div>
 </body>
</html>
