3832 6008
73 204 133 267 ·th
395 198 600 264 COMMENT.
624 200 667 262 lN
688 199 743 262 ult
763 199 907 263 vaurd.
932 201 1015 264 ule.
1042 234 1077 249 -
1099 206 1143 267 IN
1166 207 1281 269 ZAGH.
1303 208 1380 272 ΠΒ.
1401 209 1457 271 lll.
1727 219 1786 282 m

72 350 102 402 et
113 340 152 398 nd
165 347 301 407 austrum,
318 342 345 395 et
358 338 389 394 ln
402 337 598 403 campestribus
612 337 810 394 habitaretur?
821 336 894 395 Nam
909 338 937 409 Α
951 337 1179 414 impatientiam,
1196 344 1246 401 sed
1262 360 1313 413 per
1327 345 1459 418 ipserum
1475 356 1707 419 perseverantem
1719 355 1776 414 im·

72 435 139 506 quia
155 430 237 504 pueri
260 435 354 495 erant,
370 434 399 484 et
413 430 448 483 de
476 430 568 499 magis
592 435 680 501 atque
708 428 897 498 sempiternis
953 430 1781 510 peonitentiam.ouisnouenimconsrntietjustelsomm

73 522 161 582 malis
179 517 807 592 parumautnihilsolllcitl,aolutemporalia
819 518 897 574 mals
951 535 1015 575 esse
1031 519 1262 593 indignationem
1277 541 1412 597 magnam
1430 531 1553 584 Delmino
1569 535 1780 608 excercituum,

72 614 269 685 deplorantes,
286 614 315 665 et
324 609 527 679 jeJuonverant
544 608 735 671 cibaverunt,
752 614 827 663 reete
850 609 894 664 in·
951 624 1003 680 pro
1019 625 1052 666 eo
1067 613 1144 683 quod
1161 613 1288 684 peccatis
1304 616 1368 671 suis
1379 616 1557 674 addiderunt
1576 628 1780 697 contemptum

72 701 272 759 saltubuudus
288 698 400 768 loquar,
411 697 536 769 nun'prsid
549 713 603 752 reon
613 706 677 752 surrt
687 697 769 752 verbu
780 712 843 769 qum
853 697 894 753 ta·
952 702 1053 754 centra
1065 701 1207 772 Spiritum
1219 709 1368 773 sanetum,
1382 710 1411 761 in
1424 723 1482 778 quo
1494 710 1629 766 mittebat
1640 713 1682 769 eis
1694 718 1781 772 verba

71 799 152 850 cutus
167 796 208 847 est
224 788 367 856 Dominus,
383 794 437 844 etov
455 787 536 854 Quod
552 789 577 842 ei
594 788 634 842 ito
658 786 801 843 dixissent
818 804 825 843 :
841 789 896 842 Per
953 786 1281 847 Dominusexereituum
1291 810 1467 863 permenam
1479 800 1779 869 prophetarum‘llsta

71 875 896 951 istosseptuaginteannosjrjunanimusetssavimus,pro
950 891 1018 946 ergo
1037 877 1268 943 vicisssitueine.
1283 885 1308 938 et
1327 885 1430 952 factum
1446 895 1496 953 est,
1512 887 1563 952 ait,
1580 892 1652 945 sicut
1670 891 1778 952 loculus
1882 926 1885 932 ·

70 987 105 1029 eo
122 971 201 1044 quod
214 967 395 1025 Hierusalem
407 969 532 1032 deserta,
543 971 571 1023 et
581 984 634 1023 nos
647 966 752 1034 captivi
763 982 888 1032 eramus,
949 972 989 1022 est
1004 966 1190 1035 subauditur,
1206 970 1333 1042 Spiritus
1349 978 1482 1040 sanctus,
1497 981 1523 1032 et
1538 994 1591 1032 nen
1613 981 1778 1055 audierunt,

71 1062 123 1119 sed
141 1060 233 1117 multo
252 1059 346 1131 magis
358 1056 553 1129 jejunandum
567 1061 596 1113 el
613 1056 743 1113 flendum
759 1061 812 1125 est,
825 1056 895 1130 quia
949 1054 990 1110 sic
1002 1057 1174 1125 clamabunt,
1187 1069 1213 1116 et
1236 1078 1291 1116 reon
1315 1063 1481 1132 recudium,
1504 1066 1571 1123 dirit
1594 1070 1735 1141 Dominus,
1751 1084 1777 1133 el

70 1150 203 1209 nondum
220 1150 298 1205 venit
317 1147 472 1220 promissio
484 1152 536 1202 aut
550 1146 692 1203 adventus
716 1151 792 1218 ejus,
817 1163 896 1202 nun·
948 1145 1067 1214 dispersi
1079 1164 1124 1204 ece
1136 1165 1186 1218 per
1198 1150 1296 1206 amnia
1310 1168 1395 1223 repon
1416 1169 1480 1226 puae
1499 1158 1633 1224 nesciunt,
1650 1167 1675 1217 et
1694 1167 1773 1221 terra

69 1257 160 1314 quam
176 1240 217 1295 ita
233 1239 408 1308 loqueretur,
424 1253 611 1310 nequequam
628 1237 669 1292 ita
682 1238 837 1293 insultaret
851 1237 894 1293 eis
948 1233 1067 1293 desolato
1081 1242 1121 1293 est
1135 1239 1170 1294 ub
1181 1240 1232 1304 cis,
1249 1256 1280 1296 ev
1292 1241 1363 1312 quad
1378 1258 1433 1298 nan
1453 1254 1522 1301 esset
1537 1256 1673 1305 transiens
1687 1256 1712 1308 et
1727 1269 1770 1310 re·

69 1332 105 1388 de
118 1330 204 1387 malis
220 1329 394 1385 minoribus.
411 1328 570 1399 Sequitur:
591 1329 622 1382 lit
635 1333 745 1394 peretum
768 1331 808 1383 est
829 1344 893 1384 ver·
948 1330 1064 1389 vertens,
1079 1336 1104 1383 et
1117 1334 1270 1400 posuerunt
1284 1342 1387 1387 terram
1402 1331 1611 1392 desiderabilem
1628 1341 1658 1394 in
1683 1340 1770 1397 ‹leser-

69 1421 135 1478 bum
152 1419 262 1476 Domini
276 1417 489 1475 adductorium
504 1417 689 1475 decennibus
708 1418 775 1473 dicit
797 1416 893 1473 Domi·
947 1422 1015 1471 tum.
1031 1418 1124 1482 Quare
1140 1424 1237 1474 eutem
1255 1436 1321 1476 cum
1340 1422 1552 1493 preteritorum
1571 1428 1699 1485 narratio
1720 1429 1773 1498 eil,

66 1525 122 1565 uus
136 1508 325 1566 exercituum:
341 1507 468 1563 iudicate
477 1506 617 1579 judicium
631 1512 762 1563 meumst
778 1506 889 1563 miseri·
946 1509 975 1562 et
990 1507 1020 1563 in
1036 1508 1148 1565 ceteris
1164 1510 1303 1568 omnibus
1318 1513 1415 1568 omnis
1426 1516 1591 1572 enuntiatio
1601 1526 1702 1576 currat
1712 1537 1775 1577 ver·

65 1599 198 1664 cordium,
214 1601 239 1655 et
255 1601 449 1656 miserationes
463 1597 892 1671 teriteurrusquispuecumiru·
945 1595 991 1652 bis
1008 1599 1142 1669 praeteriti
1165 1601 1315 1672 temporis,
1333 1601 1394 1658 brae
1414 1607 1530 1660 tantum
1546 1607 1633 1663 verba
1648 1609 1676 1663 in
1694 1610 1772 1666 lutu-

66 1693 110 1746 tre
122 1706 182 1757 sue,
199 1697 226 1746 et
240 1690 351 1745 viduam
367 1692 391 1745 et
406 1687 562 1760 pupillum,
576 1698 602 1746 et
616 1689 762 1757 advenam,
775 1693 803 1744 et
815 1705 889 1761 pau·
905 1715 929 1782 Β
946 1703 1011 1744 sum
1032 1693 1150 1763 tempus
1171 1692 1312 1763 extendit,
1327 1695 1367 1749 sic
1381 1694 1542 1751 clermobunt
1562 1702 1588 1754 ct
1602 1715 1656 1754 nvn
1682 1716 1769 1758 ecnu-

64 1796 160 1853 perem
171 1779 260 1837 nolite
274 1780 455 1844 calumniari,
466 1788 492 1835 st
507 1781 550 1834 vir
562 1780 704 1850 fratrisve
715 1778 821 1833 mulum
831 1793 887 1834 nan
943 1777 1030 1842 diam,
1045 1795 1112 1834 eum
1128 1779 1225 1837 dicere
1241 1787 1349 1853 poseat,
1376 1782 1419 1838 sie
1444 1783 1643 1842 clamaverunt
1666 1793 1695 1844 ot
1711 1805 1768 1847 non

65 1874 166 1942 cepaea
181 1874 210 1926 in
225 1874 307 1927 corde
321 1885 380 1936 sun,
396 1879 422 1924 rt
437 1870 586 1925 noluerunt
600 1869 738 1926 ctbrrdere
752 1873 777 1925 el
800 1872 887 1925 verte·
942 1867 1075 1922 exaudivi
1086 1868 1100 1923 i
1113 1869 1217 1934 Quare,
1232 1870 1286 1925 nisi
1300 1876 1332 1926 ut
1346 1871 1495 1944 intelligas
1510 1890 1576 1929 eum
1594 1876 1764 1933 immorabi-

65 1965 131 2016 runt
144 1962 284 2030 scapulam
297 1961 478 2026 recedentem,
494 1968 520 2016 et
534 1974 615 2015 aures
635 1974 700 2014 suas
714 1973 888 2030 approvave-
942 1955 999 2013 lem
1015 1975 1090 2026 esse,
1106 1964 1134 2014 et
1149 1966 1379 2031 perseverantem
1391 1962 1420 2016 in
1426 1963 1528 2033 judicii
1544 1967 1672 2029 veritate,
1687 1969 1764 2038 quod

64 2061 132 2106 runt
145 2067 180 2105 ne
194 2052 335 2114 audirent,
353 2053 378 2105 et
393 2056 544 2120 pesuerunt
559 2065 605 2105 cvr
620 2049 886 2104 auvrnadumnntem
942 2049 1020 2104 sicut
1037 2049 1103 2103 lecit
1118 2057 1197 2115 lunc,
1213 2050 1254 2105 ita
1270 2050 1383 2116 debeat,
1399 2053 1424 2106 si
1449 2053 1553 2107 ilerum
1571 2057 1764 2126 peccaverint,

61 2143 241 2196 obaudirent
256 2141 353 2211 tepens,
370 2143 397 2195 et
408 2139 488 2196 rerba
509 2156 569 2211 quac
579 2138 656 2195 misit
671 2138 887 2195 Dominuseeer-
941 2136 1049 2194 iterum
1064 2139 1157 2194 iacere
1167 2139 1181 2195 ‘l
1191 2140 1322 2212 Denique
1333 2147 1361 2196 et
1372 2140 1426 2196 boc
1439 2142 1568 2198 luterum
1580 2161 1635 2202 nen
1649 2146 1764 2217 ignora·

63 2232 173 2286 situum
188 2233 217 2284 in
232 2231 339 2300 Spiritu
353 2246 404 2284 sue
418 2245 595 2301 permenam
609 2229 803 2302 propbetas-om
817 2243 881 2286 suv·
943 2228 1002 2299 bat,
1028 2228 1105 2301 quod
1130 2229 1237 2300 posteri
1261 2229 1379 2287 illorum
1405 2235 1506 2303 pejora
1530 2232 1632 2288 lecturi
1660 2235 1765 2307 lerant,

62 2336 127 2376 rum
141 2320 279 2390 priorum.
297 2321 327 2375 m
341 2325 415 2390 tacta
429 2328 467 2375 est
482 2318 641 2393 indipnatie
657 2336 758 2391 rnupnu
775 2320 888 2375 Domina
942 2334 1028 2389 quam
1047 2323 1144 2389 patres
1159 2319 1215 2390 ipsi
1232 2320 1380 2388 iecissent,
1396 2322 1473 2378 unde
1489 2327 1518 2377 et
1533 2322 1695 2381 clamantes
1706 2343 1765 2385 con

61 2415 246 2479 exercituum,
262 2416 286 2467 et
296 2415 401 2483 parterm
415 2416 454 2467 est
467 2411 541 2468 sicut
552 2410 659 2468 loeutus
672 2415 723 2478 est,
736 2415 762 2466 et
772 2427 827 2466 nen
838 2428 887 2466 ou·
942 2408 1102 2478 exaudiret,
1120 2425 1213 2480 neque
1237 2410 1373 2466 exaudire
1396 2410 1524 2482 deberet,
1540 2414 1619 2486 quod
1648 2416 1764 2473 cunctis

64 2503 191 2569 dierunt,
202 2501 244 2557 sic
253 2501 426 2569 clamabunt,
437 2507 464 2556 et
474 2517 528 2557 nvn
539 2503 704 2567 scandiam,
717 2499 785 2556 dicit
796 2501 887 2557 Domi·
942 2496 1079 2569 gentibus
1092 2513 1170 2552 nune
1188 2500 1377 2554 manifestvm
1397 2507 1450 2557 est.
1471 2500 1560 2565 Quem
1575 2520 1640 2559 vero
1656 2507 1762 2563 acerba

64 2607 127 2657 nus,
144 2597 170 2645 et
184 2591 300 2662 dispersi
311 2606 356 2646 ees
369 2607 416 2660 prr
430 2590 526 2646 omniu
538 2607 624 2661 repna
639 2605 701 2663 quac
712 2592 847 2656 nesciunt,
862 2594 888 2646 et
942 2590 987 2641 est
998 2585 1160 2642 infelicium
1177 2586 1326 2659 sugillatio
1345 2588 1710 2656 diceredeterre‚desvtnrn
1722 2601 1764 2652 est

63 2689 140 2738 terra
154 2681 276 2736 desaltato
292 2689 333 2737 est
346 2681 380 2736 ab
396 2683 446 2749 eis,
463 2696 493 2737 ee
508 2682 581 2752 pond
595 2697 649 2737 nan
668 2690 738 2736 esset
750 2679 888 2736 transiens
941 2675 975 2732 ab
990 2674 1041 2741 eis,
1054 2684 1081 2731 et
1094 2684 1246 2747 pesuerunt
1262 2686 1366 2733 terrem
1391 2678 1600 2736 desiderabilem
1622 2684 1651 2737 in
1671 2683 1763 2741 deser-

63 2777 89 2826 et
103 2779 253 2837 rerertens,
264 2779 289 2826 et
300 2777 449 2840 posuerunt
459 2776 561 2826 terram
572 2769 787 2827 desilierabitem
795 2768 826 2825 in
836 2771 886 2825 de·
944 2764 1022 2821 tuml
1040 2769 1112 2821 Nam
1129 2782 1195 2821 vere
1212 2765 1445 2823 infelicissimum
1458 2776 1512 2835 est,
1524 2776 1552 2824 el
1563 2770 1761 2830 inlellcitatem

61 2863 177 2918 sertum.
190 2860 304 2916 Priores
317 2861 484 2932 propbetas,
496 2877 623 2932 quorum
637 2877 688 2933 per
699 2877 819 2916 manum
833 2859 887 2915 mi·
941 2854 1132 2911 desolationis
1147 2855 1219 2928 pati,
1235 2861 1263 2912 et
1287 2856 1409 2928 insuper
1423 2858 1556 2914 criminis
1570 2861 1663 2930 argui,
1682 2863 1760 2934 quod

63 2945 104 3000 sit
117 2943 260 3000 Dominus
276 2945 469 3000 excercituum
487 2944 517 3000 in
530 2944 704 3017 Spiritusne
717 2944 802 2999 verba
813 2942 885 3014 bees,
940 2942 996 3015 ipsi
1012 2943 1221 3001 desolationem
1239 2947 1333 3017 ipsam
1344 2948 1475 3015 iecerint,
1484 2954 1512 3002 et
1523 2950 1600 3020 quod
1615 2951 1678 3022 ipse
1690 2962 1774 3007 con·'

55 3033 185 3105 judicate
196 3034 335 3105 judicium
359 3050 464 3102 verum,
479 3039 547 3101 eta,
563 3032 630 3091 illos
654 3034 725 3091 dicit
744 3032 795 3106 qui
817 3036 885 3088 ante
940 3035 989 3088 tra
1004 3030 1069 3089 illos
1084 3037 1161 3088 terra
1172 3033 1255 3105 juste
1268 3035 1400 3090 videatur
1411 3035 1516 3090 dellere
1527 3042 1555 3091 et
1567 3039 1717 3109 conqueri,
1734 3043 1763 3095 et

63 3123 262 3193 captivitatem
273 3124 592 3197 exstiterunt,quorum
605 3122 885 3196 deprecipuisunus
940 3121 1036 3178 dicero
1050 3120 1127 3179 illis:
1143 3122 1206 3179 Nan
1227 3123 1305 3180 Deus
1321 3125 1368 3195 qui
1385 3124 1441 3181 boc
1456 3126 1518 3181 fieri
1529 3125 1683 3198 judicavit,
1706 3145 1763 3185 non

62 3213 156 3271 Isaiae
171 3219 243 3284 erat,
261 3230 311 3286 por
326 3230 413 3286 quem
431 3215 471 3269 ita
481 3214 597 3271 loeutus
609 3221 651 3271 eet
663 3229 670 3271 ε
683 3211 885 3282 Ouaritcjudi·
939 3210 1218 3280 Nabuchodonosor,
1235 3213 1285 3284 qui
1297 3214 1410 3284 judicio
1424 3214 1474 3270 Dei
1491 3232 1579 3286 super
1593 3232 1640 3272 me
1661 3235 1763 3275 ascen·

60 3304 148 3371 mum,
163 3303 303 3360 subvenite
316 3319 452 3378 oppresse,
464 3303 589 3375 judicate
610 3303 730 3377 pupillo,
746 3303 884 3376 defendite
939 3301 993 3371 dit,
1008 3302 1058 3358 esd
1075 3319 1125 3358 vos
1140 3302 1236 3359 coloni
1254 3303 1385 3376 pessimi,
1397 3320 1449 3359 vos
1462 3304 1584 3377 fecistis,
1596 3310 1625 3362 et
1635 3323 1670 3362 ex
1680 3308 1762 3365 vobis

61 3393 186 3450 viduum.
209 3393 239 3449 st
260 3393 402 3449 volueritis
423 3402 451 3448 el
469 3393 616 3449 audieritis
635 3409 691 3459 me,
714 3393 782 3450 bana
806 3401 885 3451 terrae
939 3408 1029 3449 causa
1044 3399 1097 3458 sel,
1114 3392 1191 3464 quiid
1208 3393 1578 3450 desolataetindesertum
1591 3397 1763 3468 pesitesvm
1865 3390 1871 3403 ’

58 3482 215 3540 comedetis.
229 3484 304 3553 Quod
318 3484 354 3538 ait
367 3483 512 3539 nolueritis
523 3490 549 3539 el
565 3498 608 3538 me
621 3483 834 3554 provocaveritis
849 3482 885 3538 ad
939 3481 1284 3554 egoterrodeslderabilis
1307 3483 1342 3538 bt
1353 3482 1476 3538 multum
1488 3500 1615 3556 congrue
1627 3488 1762 3558 presenti

60 3573 250 3639 iracundiam,
267 3571 377 3642 plubias
398 3572 538 3628 devorabit
554 3586 598 3627 vae
612 3571 679 3644 (isa.
696 3571 884 3642 1).Hujusce·
939 3569 1003 3627 loce
1019 3570 1172 3639 Dominus,
1187 3572 1236 3627 cui
1252 3571 1331 3626 nulla
1344 3577 1420 3627 terra
1436 3572 1650 3638 desiderabilis,
1662 3575 1709 3630 oui
1721 3575 1762 3631 nil

60 3662 142 3718 modi
160 3664 256 3731 dictis,
273 3671 300 3717 et
314 3662 358 3716 lex
372 3662 508 3732 primitus
526 3659 612 3733 plena
631 3660 699 3716 deta
723 3669 776 3717 est.
803 3660 883 3724 Quod
940 3661 1291 3717 terrenumdesidernbilc
1303 3663 1761 3734 cosdrenamappellatdesidera·

61 3758 161 3808 autem
182 3752 261 3811 dicit.
282 3750 479 3807 cinsiverunt
500 3752 651 3815 attendere,
672 3755 698 3806 et
724 3755 885 3807 averterunt
938 3750 1038 3817 bilem,
1055 3751 1125 3822 quia
1146 3750 1280 3806 videlicet
1294 3767 1360 3806 uum
1384 3768 1416 3807 se
1433 3753 1586 3822 jejunasse
1601 3760 1630 3807 et
1647 3753 1761 3813 flevisse

59 3842 206 3912 scapulam
217 3841 397 3910 recedentem,
412 3847 440 3897 et
453 3857 535 3896 aures
549 3850 766 3913 appruvoverunt
781 3856 816 3896 ne
829 3856 884 3897 av·
938 3841 1068 3896 dicerent
1088 3844 1204 3912 propter
1220 3846 1303 3896 terrm
1319 3840 1541 3907 desolationem,
1559 3843 1647 3898 nimis
1663 3849 1761 3913 aperte

60 3930 166 3996 ditent,
183 3931 333 3987 minusest
344 3929 709 4003 iactoipeorum.lllienim
720 3947 776 3987 uon
787 3931 882 3987 selum
940 3930 1107 3987 labebantur
1121 3935 1227 3987 terram
1244 3931 1299 3986 sibi
1322 3931 1412 3987 luisse
1428 3930 1663 4001 desiderabilem,
1680 3934 1762 3992 cosle-

61 4035 119 4077 non
135 4020 302 4087 audierunt,
320 4021 510 4077 verumetiam
535 4021 704 4088 clamantes,
721 4019 880 4093 propbetas
938 4020 1762 4096 stemautemnensedeeiderarepromissionem,quippe

60 4111 241 4178 oeciderunt,
256 4112 330 4166 dure
347 4113 443 4176 corde,
460 4111 664 4181 indomabiles,
680 4114 709 4167 et
729 4111 878 4167 adamanti
938 4111 1009 4182 quia
1024 4111 1169 4179 dicebant,
1182 4110 1309 4183 nunqrrid
1320 4112 1444 4182 flendum
1455 4112 1532 4166 nabis
1544 4119 1583 4167 cst
1593 4125 1618 4167 er
1625 4114 1760 4183 y'ep‘uonn·

61 4199 184 4268 similes,
200 4201 250 4273 qvi
266 4200 341 4270 lapis
359 4201 537 4257 fortissimus
557 4205 587 4257 et
606 4199 636 4256 in
653 4206 766 4256 tantum
789 4200 883 4256 durus
938 4201 1015 4265 dvm.
1029 4201 1166 4257 salissibi
1177 4200 1378 4255 existimantes
1388 4201 1466 4273 quod
1477 4202 1615 4257 videbant
1625 4204 1754 4260 solutam

60 4296 117 4353 est,
130 4296 162 4345 ut
182 4290 281 4346 orricio
301 4290 417 4347 metella
439 4290 612 4362 conirinpat,
628 4294 658 4346 et
681 4290 744 4362 ipse
765 4306 782 4346 a
805 4289 884 4346 nullo
938 4305 1002 4346 esee
1019 4289 1214 4361 captivitatem
1225 4289 1497 4360 temporalem.Hoc
1511 4290 1609 4362 igitur,
1621 4297 1647 4348 et
1662 4308 1762 4362 posuc-

60 4380 273 4452 eonlringatur,
290 4381 508 4437 undeattrmole
520 4380 707 4436 indomabilis
717 4380 834 4436 dicitur.
844 4385 884 4436 De
939 4383 1004 4433 runt
1018 4382 1122 4434 terrum
1135 4375 1349 4434 desiderabilem
1364 4382 1393 4433 in
1408 4379 1557 4443 desertum,
1569 4378 1658 4437 celaret
1669 4398 1757 4453 qoam

61 4485 120 4543 quo
137 4469 210 4525 illud
226 4469 403 4538 mirandum,
414 4471 491 4542 quod
507 4486 575 4526 cum
592 4473 681 4525 tante
701 4471 739 4526 sit
758 4470 882 4541 duritia,
900 4461 922 4526 D
936 4470 1012 4527 886
1025 4471 1128 4524 acerbe
1139 4469 1310 4534 addictum,
1324 4470 1360 4525 ab
1372 4485 1500 4539 ecquem
1512 4473 1760 4528 naturaliterdul·

60 4559 125 4616 eolo
135 4562 272 4632 pertusus
285 4560 426 4631 sanguine
442 4559 527 4626 hirci,
539 4560 616 4632 quod
627 4559 733 4616 animal
745 4559 881 4615 libidino-
937 4576 998 4616 cem
1013 4559 1067 4630 ipsi
1082 4559 1138 4615 sibi
1159 4561 1414 4616 exacerbaverunt.
1434 4559 1522 4617 Porro
1550 4562 1647 4633 qualis
1669 4579 1759 4619 cauea

60 4664 127 4706 eum
144 4653 198 4715 est,
214 4649 314 4704 statim
333 4647 511 4704 dissolvitur.
529 4647 610 4705 Unde
625 4663 755 4721 congrua
778 4645 882 4705 simili·
936 4655 981 4705 eet
994 4648 1072 4705 isto?
1087 4651 1128 4706 Ee
1142 4650 1212 4723 quod
1227 4666 1281 4706 nere
1306 4655 1374 4706 esset
1397 4652 1536 4706 transiens
1559 4656 1585 4706 et
1608 4657 1757 4708 revertens.

60 4738 132 4794 tudo
147 4743 191 4794 eet
206 4737 299 4807 valde,
320 4745 347 4794 et
360 4754 407 4795 aar
424 4754 505 4794 suum
528 4748 678 4810 pesuerunt
697 4737 881 4808 adementem,

59 4828 131 4901 quia
145 4843 212 4883 oum
229 4827 393 4884 durissime
409 4827 529 4884 cervicis
541 4827 674 4885 etcordis
690 4827 881 4885 indomabilia

59 4924 159 4976 assent
173 4924 275 4973 contra
290 4917 393 4984 Deum,
411 4916 580 4973 mollissimi
599 4918 728 4974 arentin
748 4917 881 4974 omniurn

58 5006 212 5064 libidinum
226 5008 348 5066 fluxum.
362 5015 390 5062 ut
401 5007 540 5062 meritoin
554 5006 743 5063 illoseonstet
754 5007 881 5064 eumden

59 5098 167 5156 isaiam
183 5100 291 5154 dixisse
304 5116 310 5155 :
328 5097 428 5154 dedite
439 5098 551 5152 uerbum
563 5097 673 5154 Domini
682 5099 820 5170 principes
832 5097 881 5154 Sa·

55 5189 211 5254 domorum,
228 5188 359 5259 percipite
374 5187 493 5242 auribus
513 5190 600 5257 lepem
618 5187 670 5243 Dei
684 5190 748 5255 mei,
764 5189 882 5260 populea

57 5277 217 5336 Gamerrbae
243 5279 347 5351 (ibid).
365 5279 510 5343 Quorsum
539 5277 596 5333 ista
610 5276 880 5334 commemoratio?

57 5367 201 5425 Videlicet
216 5369 294 5440 qued
312 5366 454 5424 Dominus
465 5368 566 5438 justus
581 5367 618 5423 ad
633 5366 881 5439 cognoscendum,

57 5458 118 5532 ipsi
133 5467 230 5515 autem
249 5458 356 5513 luerint
367 5458 590 5528 inexcusabiles,
600 5459 670 5530 quia
681 5460 759 5532 quod
771 5459 880 5514 iactum

57 5554 106 5609 est
120 5549 190 5620 illis,
206 5565 265 5608 oon
279 5554 325 5606 aet
338 5549 447 5606 lectum
463 5564 513 5621 per
535 5557 742 5623 properantem
764 5549 881 5606 Domini

935 4739 1080 4797 Praemisit
1094 4745 1120 4797 et
1134 4748 1208 4797 terra
1221 4740 1344 4796 desolata
1356 4743 1396 4794 est
1410 4739 1444 4795 ab
1457 4740 1535 4797 cisat
1549 4743 1622 4796 luno
1638 4741 1757 4797 demum

936 4831 1099 4905 subjunxit,
1115 4847 1145 4888 eo
1167 4830 1236 4904 qued
1249 4847 1306 4887 nen
1320 4837 1386 4886 esset
1410 4832 1547 4886 transiens
1562 4839 1587 4888 et
1611 4836 1759 4888 revertens.

935 4921 966 4979 Sl
982 4923 1022 4978 lta
1037 4921 1169 4987 dixisset,
1185 4926 1262 4977 terra
1278 4918 1408 4976 desolata
1423 4925 1477 4984 est,
1489 4925 1516 4976 et
1528 4937 1583 4976 non
1607 4926 1652 4976 ast
1663 4926 1760 4978 trans·

936 5009 1000 5069 iens
1019 5028 1114 5084 neque
1129 5016 1286 5077 revertens,
1302 5010 1487 5065 solummodo
1510 5018 1682 5081 putaremus
1701 5027 1762 5067 mo-

936 5102 1006 5156 dum
1022 5099 1212 5155 desolationis
1227 5115 1409 5169 expressum,
1426 5099 1512 5169 idque
1525 5115 1589 5156 esse
1604 5103 1680 5173 quod
1695 5102 1762 5157 nul-

936 5189 983 5246 lus
998 5190 1094 5245 eundo
1110 5195 1197 5262 alque
1218 5188 1368 5244 redeundo
1385 5204 1435 5259 per
1450 5195 1559 5244 terram
1576 5194 1759 5262 graderetur.

935 5279 1131 5336 Nunoautem
1149 5294 1205 5333 non
1230 5280 1290 5333 lam
1318 5279 1436 5333 modum
1461 5281 1642 5349 exposuisse,
1669 5297 1757 5351 quam

936 5385 1053 5425 oausam
1069 5368 1234 5424 reddidisse
1247 5367 1438 5424 deselationis
1451 5369 1576 5436 videtur,
1593 5370 1715 5425 dicendo
1726 5383 1756 5423 eo

935 5458 1005 5532 qued
1020 5474 1075 5514 nvn
1087 5468 1153 5514 esset
1170 5462 1306 5514 transiens
1320 5463 1345 5513 et
1360 5469 1505 5516 revertens.
1521 5458 1592 5523 Quid
1618 5475 1686 5530 ergo
1707 5458 1755 5514 sit.

935 5567 993 5609 non
1010 5549 1100 5608 luisse
1111 5553 1312 5608 transeuntem
1323 5552 1352 5606 et
1362 5556 1565 5620 revertentem,
1576 5549 1631 5606 hoc
1645 5548 1755 5620 iniqui-
