3832 6008
113 278 193 339 1429
627 275 833 340 colitiani.
857 275 897 337 IN
920 272 1071 337 ΜΑΤΤΗ.
1095 300 1133 319 ·-·
1153 272 1227 334 ΗΒ.
1250 272 1287 334 V.
1737 263 1817 326 isac

110 408 201 465 nostis
216 409 291 464 bona
304 409 368 465 data
383 409 450 466 dara
465 408 532 465 liliis
551 411 771 484 restris‚quanto
782 407 871 477 magis
882 406 934 463 Pa·
949 406 977 473 Α
993 400 1555 473 babereinnuitl.iusistaquambreris,«
1566 397 1649 468 quies
1660 397 1688 453 lu
1699 395 1814 453 ecelis.»

112 502 157 553 ter
172 503 265 555 vester
278 499 313 554 de
327 497 487 555 coelodabit
500 499 636 570 Spiritum
650 501 758 556 bonum
775 497 936 569 petentibus
991 496 1060 562 Quis
1076 494 1153 550 enirn
1169 493 1309 550 docitisad
1327 493 1558 561 orandum,puer
1571 487 1719 544 duciliead
1731 487 1814 541 insu·

113 603 155 654 ee,
168 609 183 638 a
199 588 582 660 subauditurquiduceatsas
596 587 828 646 urarelDiaistis
842 588 936 643 etaim:
989 586 1116 640 cundum
1133 592 1241 654 patrem
1256 598 1312 639 nun
1329 582 1569 650 ailmireturquol
1586 580 1638 635 istc
1655 579 1813 633 Paternum

116 677 274 747 «Domine,
289 680 360 735 doce
373 694 425 734 nos
440 693 532 747 orare,
549 679 622 735 sicut
646 687 674 734 et
687 679 813 735 loannes
841 676 938 732 docuit
990 673 1020 729 ia
1036 674 1126 738 coelis,
1147 675 1229 730 idest
1243 683 1356 729 tantum
1380 673 1410 728 iu
1437 669 1640 734 invisibilibus,
1656 683 1719 739 que
1732 667 1815 723 nuliis

114 766 271 838 discipulos
286 783 389 836 suos,»
413 767 576 840 ipraurautes
604 769 669 840 quia
683 767 812 824 doctriua
837 764 936 835 hujus·
989 762 1231 828 invisibiliasunt,
1248 763 1334 833 possit
1354 762 1456 827 villers,
1473 760 1519 816 hic
1535 762 1564 814 in
1579 761 1631 813 istu
1646 757 1749 813 seculo
1773 756 1812 811 ri·

113 856 189 911 modi
205 872 263 913 nou
279 866 320 913 est
334 856 454 913 ioannis
473 857 530 912 sire
551 857 674 927 alicujus
691 854 877 922 hominis,sed
890 870 936 910 sc·
988 849 1076 916 sibili,
1094 850 1141 905 ubi
1156 865 1220 906 cum
1238 866 1296 905 ¹10ss
1314 849 1391 904 lidii
1412 848 1506 911 himo·
1523 863 1575 903 11⁰⁵
1589 846 1697 918 sinnii,
1713 860 1812 915 (tuem-

113 944 167 1001 lius
183 945 306 1016 Spiritus
322 947 399 1015 bcui,
415 947 535 1017 Spiritus
550 946 656 1003 Sancti.
675 945 805 1009 Proinde,
822 942 845 999 si
857 958 935 999 cum·
987 944 1139 999 admodum
1154 943 1298 1013 apostolus·
1312 941 1437 997 Jacubus
1449 957 1456 995 :
1470 961 1482 992 s
1494 939 1661 996 Voluntaria
1672 938 1813 1002 emmin-

112 1034 280 1103 pundiosnm
304 1036 408 1105 quaeris
437 1038 490 1090 iter
514 1034 548 1088 ud
576 1032 805 1104 consequendam
835 1028 935 1086 orandi
988 1034 1057 1105 quit,
1074 1033 1170 1103 genuit
1186 1048 1237 1088 nos
1262 1031 1346 1089 rerba
1371 1028 1666 1093 retransmisimus
1695 1027 1810 1083 initium

110 1125 270 1196 scientiam,
288 1141 341 1181 nec
355 1126 410 1181 ista
426 1125 583 1182 secundum
600 1124 766 1180 Mattbaeum
783 1121 935 1189 breul,nec
986 1126 1101 1197 aliquod
1118 1126 1323 1195 cruaturoeejus
1335 1125 1404 1195 (laic.
1417 1127 1448 1191 a).
1461 1145 1475 1173 u
1491 1122 1628 1187 Quamvis
1641 1129 1735 1176 sutem
1752 1136 1810 1175 cce·

110 1212 160 1269 ille
176 1217 333 1271 secundum
351 1217 451 1271 Lucam
468 1214 590 1271 breriurl
617 1214 746 1269 oratione
768 1213 839 1268 adeo
863 1227 935 1282 opus
987 1215 1080 1271 lorum
1096 1215 1215 1270 numine
1231 1212 1505 1283 patriasianitlcmur
1520 1209 1809 1270 invisibilisuliisan·

114 1303 164 1358 tini
180 1306 245 1371 crit,
262 1307 460 1361 tandummodo
477 1304 610 1375 persistas
626 1320 728 1374 rogans
743 1302 864 1366 Patrem,
880 1319 933 1374 po·
985 1304 1023 1359 cti
1038 1303 1166 1358 habitant
1181 1302 1287 1374 angeli,
1304 1311 1332 1358 et
1351 1317 1405 1373 quo
1430 1300 1560 1356 Christus
1583 1296 1805 1371 quadragesimo

112 1393 220 1449 eiulans
230 1397 354 1451 amicum
369 1411 376 1449 :
391 1399 429 1450 Da
444 1394 515 1450 mibi
534 1394 663 1464 spiritum
680 1392 798 1457 bunum,
814 1393 851 1447 da
862 1389 933 1447 mibi
984 1403 1047 1464 pust
1064 1393 1299 1449 resurrectionem
1315 1408 1393 1448 suam
1410 1392 1465 1460 die,
1490 1385 1807 1455 videntibusapostulie,

109 1483 244 1550 Spiritum
261 1492 402 1540 sanctum.
419 1484 506 1548 Quem
519 1498 585 1539 cum
602 1481 651 1538 ille
677 1481 787 1538 dederit
798 1481 860 1548 tibi,
872 1480 930 1550 jam
983 1485 1127 1551 ascendit,
1148 1481 1339 1538 nibilominus
1354 1489 1449 1536 tamen
1473 1480 1539 1536 coeli
1551 1480 1685 1535 dicuntur
1699 1485 1726 1532 et
1741 1479 1809 1531 surii

107 1587 172 1627 uere
187 1572 287 1628 orandi
303 1573 455 1629 scientiam
470 1571 597 1638 babebis,
613 1580 640 1628 et
656 1573 728 1627 mira
743 1570 828 1626 mado
842 1569 884 1625 sic
899 1569 929 1625 in
984 1589 1071 1643 supra
1101 1571 1250 1628 memorati
1280 1586 1380 1626 norem
1395 1569 1511 1625 ordines
1539 1566 1809 1639 augelorum,etin

108 1661 237 1717 oratioue
252 1661 434 1718 vehementer
445 1670 600 1732 occupatus
613 1661 679 1727 eris,
697 1667 727 1715 ut
743 1658 859 1717 verbum
874 1657 928 1713 sli·
984 1663 1123 1730 ejusmodi
1139 1661 1219 1717 ecelis
1236 1660 1281 1715 tric
1296 1658 1379 1715 Peter
1395 1671 1489 1715 noster
1503 1667 1556 1725 est,
1571 1657 1647 1728 quod
1659 1667 1701 1711 cst
1717 1653 1807 1709 beati·

106 1752 178 1819 quod
196 1751 320 1820 prolerre
344 1752 391 1807 vis
420 1753 521 1821 possis,
537 1751 605 1821 quia
620 1766 678 1806 uon
693 1748 804 1805 vacabit
818 1749 927 1819 gemitu
943 1762 967 1825 Β
981 1759 1049 1811 tudo
1061 1754 1190 1817 illorum.
1205 1753 1271 1824 quia
1283 1751 1422 1821 videlicet,
1439 1751 1528 1807 Deum
1544 1751 1574 1806 in
1590 1749 1648 1805 illis
1662 1764 1736 1813 ease,
1751 1748 1804 1803 boc

107 1839 246 1896 continuo
260 1843 351 1896 totum
366 1844 584 1912 praeoccupante
607 1837 736 1895 ulficium
752 1836 839 1894 vocis.
855 1836 929 1893 Hinc
983 1853 1034 1911 aas,
1051 1858 1218 1915 permanere
1234 1849 1261 1899 at
1277 1857 1334 1898 non
1351 1842 1468 1910 tantari,
1485 1836 1806 1911 quemadmodumdlcit

106 1938 147 1985 est
163 1929 233 1986 illud
248 1946 255 1985 :
271 1954 281 1980 ι
295 1930 366 1988 Nam
397 1931 463 2002 quid
479 1944 593 1987 cremus
608 1936 682 1985 sicut
710 1936 820 1999 oportet
836 1928 929 1985 nesci·
980 1935 1015 1990 ad
1030 1937 1126 1991 ltosen
1144 1951 1151 1990 :
1169 1954 1183 1984 a
1195 1937 1251 2004 Ego
1277 1949 1340 1988 suin
1355 1931 1402 2003 qni
1420 1947 1481 1987 snm
1497 1929 1593 2002 (daed.
1611 1931 1663 2001 aab
1678 1950 1692 1978 n
1707 1935 1735 1984 et
1749 1926 1804 1983 hu·

108 2035 182 2090 mus,
194 2021 241 2077 sed
258 2021 320 2092 ipse
334 2020 454 2091 Spiritus
468 2019 592 2091 pustulat
616 2034 665 2089 pru
678 2017 761 2074 nubis
776 2016 930 2090 gemitibus
978 2023 1025 2094 jus
1039 2024 1192 2080 essentiam
1207 2020 1402 2079 invariabilem
1418 2021 1448 2077 in
1461 2019 1621 2091 semetipsis
1631 2032 1742 2087 semper
1753 2015 1804 2071 ha·

102 2109 342 2166 inenarrabilibus
369 2109 458 2181 (Rom-
474 2111 547 2178 vittl·
565 2130 578 2157 u
594 2107 648 2173 Oui
675 2115 771 2163 autem
786 2115 929 2164 scrutetur
981 2111 1179 2184 bent,aemper
1195 2118 1222 2168 et
1236 2110 1343 2180 absque
1355 2108 1414 2165 ullo
1427 2109 1485 2165 tine
1500 2107 1573 2164 beati
1589 2116 1615 2163 et
1630 2103 1805 2163 immortales

102 2202 197 2269 corda,
214 2200 267 2256 scit
282 2200 351 2271 quid
367 2202 508 2256 dosideum
536 2197 661 2269 Spiritus
675 2197 744 2267 quia
768 2201 928 2256 secundum
982 2201 1138 2269 habebunt,
1154 2204 1183 2258 et
1212 2198 1414 2257 immortaliter
1442 2205 1593 2270 pascentur
1608 2197 1662 2252 hoc
1691 2209 1805 2251 summo

103 2287 401 2362 Deumpustulatpro
422 2287 649 2359 sanetisigitur
678 2285 927 2344 baucurationcm
981 2284 1807 2365 bono,quoplenisunt,quopleaipermauebunt.llinu
1908 2366 1912 2373 ι

104 2377 294 2446 Dominicam,
307 2387 454 2451 partesque
469 2379 542 2449 ejus,
557 2377 584 2432 ld
599 2384 641 2433 est
653 2375 807 2448 petitiones
819 2382 928 2450 septem
981 2399 1082 2441 omues
1096 2382 1257 2453 christiani,
1275 2381 1370 2454 magui
1385 2386 1416 2438 el
1429 2381 1517 2453 parri,
1537 2379 1639 2436 divites
1653 2387 1681 2436 et
1696 2392 1807 2449 paupe·

104 2484 224 2539 quarum
241 2471 332 2540 prima
347 2476 398 2537 est,
414 2487 426 2517 s
442 2468 638 2526 sanctificetur
666 2484 773 2527 numen
802 2473 924 2535 tuum·
980 2490 1036 2540 res,
1053 2473 1163 2531 nobiles
1178 2479 1204 2529 ct
1218 2471 1434 2545 plebei,domiui
1450 2479 1476 2526 et
1490 2470 1576 2539 servi,
1589 2485 1667 2541 reges
1681 2474 1710 2525 et
1723 2481 1807 2523 msu-

104 2559 233 2627 ultnmq«
243 2559 289 2614 sed
305 2558 394 2614 libera
409 2573 491 2615 nese
506 2558 610 2630 malo‚«
626 2558 667 2615 sic
682 2567 758 2616 recte
771 2557 929 2629 accipimus
981 2563 1051 2630 dici,
1068 2562 1212 2635 principes
1231 2576 1297 2618 curu
1308 2560 1392 2632 vulgo
1406 2559 1539 2631 ignobili,
1559 2573 1660 2615 omnes
1686 2556 1806 2614 omnino

106 2656 242 2720 tanquam
260 2648 352 2720 prima
366 2649 495 2705 scientiae
509 2648 553 2705 vel
568 2648 705 2705 doctrine
722 2649 817 2720 butus,
829 2648 928 2720 quaed
979 2653 1085 2725 absque
1100 2652 1159 2708 ulls
1172 2649 1455 2722 distinctioneqreutis
1465 2645 1805 2711 siveconditionie,sexus

105 2738 248 2794 orandum
263 2753 361 2795 sumus
375 2736 532 2806 informati,
543 2736 928 2809 elementa,quunlamveluti
980 2740 1124 2812 etaetatis,
1140 2740 1249 2797 ordinis
1273 2738 1317 2796 vel
1333 2738 1432 2806 cilicii,
1450 2737 1530 2794 Pater
1558 2744 1655 2792 auster
1681 2734 1805 2790 dicimus

106 2826 201 2899 pueris
217 2828 277 2884 baec
298 2827 401 2884 tradita
415 2835 493 2894 suut,
513 2841 578 2884 uum
604 2826 727 2883 necdum
750 2824 929 2896 accepissent
984 2832 1052 2889 huto
1066 2837 1094 2887 et
1108 2845 1193 2886 nemo
1208 2832 1336 2885 nostram
1352 2825 1433 2893 dicit,
1449 2825 1531 2881 Pater
1545 2825 1596 2880 mi.
1614 2824 1744 2881 lluuseet
1756 2822 1803 2878 Fi·

106 2917 242 2986 Sptritum
259 2917 451 2977 Paracletum.
468 2915 630 2973 dicentibus
656 2916 820 2973 interdum:
838 2938 852 2966 u
869 2914 928 2972 llu-
980 2920 1037 2977 lius
1052 2918 1262 2992 primogenitus
1275 2926 1302 2973 et
1316 2916 1551 2988 unigenitua,non
1568 2913 1611 2969 uti
1626 2928 1679 2970 nus
1692 2912 1802 2984 gratiae,

104 3005 192 3076 mine,
205 3008 275 3064 doce
289 3023 340 3063 uus
355 3021 445 3076 orare,
459 3005 535 3063 sicut
549 3013 576 3062 et
593 3006 718 3063 loannes
732 3007 830 3062 docuit
844 3004 929 3061 disci·
980 3011 1030 3067 aed
1048 3007 1137 3066 solius
1152 3015 1262 3064 naturae
1277 3005 1363 3075 lilius,
1379 3005 1425 3062 cul
1444 3003 1578 3061 convenit
1601 3004 1706 3069 dicere,
1723 3000 1804 3058 Patcr

103 3095 185 3166 l⁰i⁰⁸
207 3112 283 3154 ³⁰0³·
302 3115 314 3147 ι
332 3096 423 3152 liliam
447 3095 472 3152 ii
493 3096 632 3152 inelimtii
655 3095 771 3167 tiflliecli
794 3095 846 3165 iii,
873 3102 912 3162 ut,
940 3115 963 3182 (ζ
983 3101 1032 3167 ml,
1048 3108 1075 3157 ει
1091 3099 1160 3157 dixit
1176 3113 1240 3155 cum
1257 3098 1432 3154 traderetur:
1448 3093 1512 3151 «iti
1528 3094 1620 3161 Pater,
1634 3093 1657 3149 si
1669 3092 1804 3166 possibile

105 3185 176 3239 aient
190 3185 249 3254 jam
266 3200 350 3257 supra
365 3186 473 3242 dictum
489 3194 542 3252 est,
568 3184 690 3257 Spiritus
704 3184 754 3241 ille
773 3184 928 3257 gemilibtffl
983 3198 1035 3258 est,
1051 3193 1210 3245 trauseats
1240 3203 1285 3243 me
1299 3186 1372 3244 calix
1387 3185 1440 3241 iste
1458 3183 1564 3256 (llattls.
1587 3183 1675 3253 aava),
1686 3204 1702 3233 a
1713 3191 1739 3239 ει
1751 3181 1805 3239 Pe-

106 3273 412 3330 inenarrabilibusoret
424 3275 466 3330 vel
476 3274 655 3345 postuletpru
665 3274 821 3344 nubis3non
832 3279 929 3331 tamen
983 3287 1025 3338 ter
1038 3286 1135 3336 nostor
1148 3292 1291 3349 nusquam
1306 3275 1408 3346 legitur
1426 3272 1541 3330 dixisse.
1558 3272 1614 3329 Cur
1630 3272 1707 3330 buci
1720 3272 1805 3329 Vide·

106 3362 196 3419 0tt¹i⁰
212 3363 381 3430 haebmlio
398 3362 556 3428 Dominicis
572 3362 663 3433 prima
679 3371 847 3419 cunctarum
863 3380 929 3421 urs·
982 3370 1048 3427 licet
1063 3369 1129 3440 quis
1143 3364 1320 3424 dissimiliter
1344 3364 1387 3420 itti
1402 3371 1429 3420 st
1445 3363 1529 3420 nabis
1552 3368 1627 3420 Deus
1642 3368 1726 3419 Pater
1740 3369 1803 3420 est:

104 3453 215 3508 tionum
241 3451 277 3507 ab
292 3468 340 3508 ore
366 3462 463 3508 nostro
483 3451 585 3506 cadere
599 3450 693 3519 debet,
723 3467 760 3508 ne
783 3452 930 3508 videamur
982 3459 1067 3515 illurn
1084 3455 1192 3530 genuit,
1208 3472 1261 3513 nos
1275 3452 1427 3526 adoptavit.
1445 3452 1507 3509 'l'all
1528 3452 1721 3524 appellatione
1732 3468 1804 3522 praa·

105 3543 189 3599 nobis
204 3543 275 3616 ipsis
286 3545 382 3616 magni
397 3541 567 3599 eiuratiunls
579 3542 665 3613 bulue
681 3558 739 3599 nun
754 3542 928 3611 indiacntes,
983 3547 1079 3612 missa,
1092 3546 1183 3618 prima
1196 3544 1293 3617 petitio
1309 3543 1369 3598 bec
1380 3549 1422 3598 est
1438 3559 1445 3598 :
1460 3562 1472 3592 i
1489 3542 1687 3598 Sanctilicetur
1698 3556 1804 3597 numen

105 3648 167 3705 qua
183 3634 264 3706 quasi
279 3635 384 3703 pueris,
401 3633 427 3688 id
444 3641 483 3687 est
501 3631 709 3703 incipientibus
720 3633 862 3703 proposita
881 3633 927 3699 sit,
983 3642 1074 3694 tuum.
1092 3635 1248 3691 »Sanctum
1264 3647 1377 3702 semper
1391 3631 1442 3687 iuit
1457 3634 1540 3687 etesi
1555 3645 1660 3687 numen
1677 3630 1802 3694 Domini,

107 3732 138 3779 ut
154 3723 276 3780 babeant
295 3723 410 3794 aliquod
427 3723 543 3779 initium
563 3721 857 3790 dissimilitudinis,ab
869 3725 928 3779 im·
981 3734 1178 3785 verumtamen
1195 3724 1298 3779 modus
1312 3722 1426 3793 quidam
1440 3727 1481 3777 est
1495 3719 1730 3777 sanctificationis
1741 3721 1803 3790 elus

106 3812 245 3883 probitate
261 3811 610 3883 hypocritarumquorum
623 3820 681 3867 tota
695 3811 784 3867 oratio
799 3817 843 3868 est
857 3811 929 3869 mul·
981 3815 1065 3872 uobis
1080 3813 1254 3884 utilis,quem
1271 3827 1321 3884 per
1337 3810 1505 3878 prophetam
1523 3809 1577 3865 buc
1592 3810 1675 3865 modo
1689 3809 1802 3880 prumi-

103 3903 255 3975 tiluquium
272 3902 465 3974 (Eplssnrlllt
482 3903 598 3973 quidem
611 3902 702 3959 breris
716 3909 744 3958 et
759 3903 929 3975 parrisapta
982 3905 1017 3960 sit
1030 3920 1037 3959 :
1049 3926 1064 3955 a
1080 3902 1274 3959 sanctificabo
1289 3913 1498 3957 numeniacum
1515 3897 1803 3968 magnumcicitmo·

100 4000 153 4062 est,
170 3994 218 4049 sed
234 4000 262 4049 ει
277 4008 396 4064 magnos
410 3992 463 4048 del·
475 4001 550 4048 citare
573 4003 655 4063 atque
673 4006 804 4049 exercere
825 3994 927 4063 potest,
981 3994 1088 4060 minus,
1105 4003 1133 4047 ut
1148 3992 1238 4048 sciant
1253 4005 1355 4047 omues
1382 3993 1494 4059 pentes,
1510 3986 1578 4059 quia
1594 4003 1645 4058 ego
1660 3987 1802 4043 Dominus

100 4089 127 4139 et
142 4083 171 4139 in
188 4083 288 4150 primis
302 4079 457 4152 appellatio
469 4081 548 4137 bac:
569 4084 652 4135 Pater
667 4080 926 4146 nosterouiectm,
980 4099 1048 4140 cum
1064 4081 1259 4139 sanctificatus
1270 4079 1352 4136 luero
1367 4079 1397 4135 in
1413 4078 1492 4134 robis
1506 4092 1602 4133 coram
1615 4076 1667 4134 eis.
1681 4098 1696 4128 a
1712 4078 1805 4133 Proti-

102 4176 146 4229 cui
163 4173 296 4239 diutinus,
313 4171 395 4227 Pater
420 4171 541 4226 noster?
557 4169 614 4226 Nos
628 4185 773 4242 quun-am
802 4171 853 4226 titii
866 4173 925 4240 ire,
980 4189 1035 4229 nus
1047 4189 1079 4229 ae
1094 4172 1117 4228 si
1133 4177 1270 4243 quereret
1287 4168 1400 4241 aliquis,
1416 4169 1563 4235 Quomodo
1573 4182 1678 4224 nomeu
1693 4166 1803 4223 sancti·

102 4262 152 4319 lilii
168 4261 375 4331 acbeurrae,dlii
391 4262 499 4326 mertis,
517 4259 568 4316 lilii
584 4259 691 4316 diaboli
708 4260 926 4317 dicimusPuter
981 4261 1081 4320 ilcabie
1093 4264 1106 4315 l
1120 4263 1176 4316 ait:
1192 4283 1206 4311 a
1222 4259 1335 4317 'iollam
1365 4259 1470 4330 qnippe
1498 4274 1546 4314 ros
1560 4257 1597 4313 de
1619 4255 1763 4328 gentibus,
1777 4264 1805 4312 et

102 4352 287 4418 noster,Patri
304 4351 572 4414 misericordiarum,
585 4350 660 4405 Patri
674 4349 800 4406 caelestis
814 4350 924 4421 patrie,
979 4351 1155 4422 congregabo
1169 4350 1266 4406 vusde
1281 4347 1420 4404 universis
1435 4346 1527 4411 terris,
1542 4352 1569 4402 et
1591 4346 1732 4403 adducam
1751 4363 1804 4403 vus

101 4440 176 4496 Patri
199 4443 262 4496 rite
284 4442 476 4512 sempiterna,
503 4439 578 4495 Patri
594 4440 711 4495 Domini
737 4440 826 4496 nostri
854 4438 920 4497 lesu
980 4441 1129 4496 interram
1152 4447 1287 4505 restrum,
1313 4447 1339 4493 ει
1363 4435 1510 4493 elluudam
1526 4449 1612 4506 super
1626 4450 1675 4491 vus
1697 4450 1802 4508 aquarn

99 4529 215 4596 Christi,
232 4530 281 4587 Del
296 4529 412 4586 sibimet
426 4529 577 4600 coequalis
591 4535 620 4584 at
629 4529 763 4585 coeterni
775 4531 864 4601 (ilum.
881 4546 920 4596 vr,
980 4530 1129 4596 mundam,
1146 4538 1172 4585 ει
1189 4526 1369 4584 mundabiml
1398 4524 1434 4580 sb
1447 4523 1582 4581 omnibus
1595 4524 1801 4595 inquinamen-

101 4621 192 4676 Golut.
208 4620 367 4687 m).Gratia
383 4620 467 4688 bajus
482 4617 560 4674 unici
577 4617 642 4674 llitil
657 4618 698 4673 sic
714 4619 857 4690 loquimur
874 4621 926 4675 Pa·
978 4619 1014 4675 tis
1029 4619 1167 4687 restris,et
1182 4617 1255 4673 dabo
1271 4615 1351 4672 vobis
1364 4631 1414 4673 cor
1435 4623 1580 4680 nurum,at
1597 4617 1730 4687 spiritum
1748 4630 1801 4671 no·

99 4710 134 4765 tri
152 4710 229 4774 baie,
246 4725 279 4765 es
295 4723 350 4780 quo
373 4722 472 4763 suanus
487 4707 589 4772 renati,
606 4709 672 4776 quia
689 4707 762 4764 male
778 4708 924 4765 lueremus
978 4724 1043 4764 rum
1059 4724 1163 4780 ponam
1180 4709 1209 4764 lu
1227 4707 1320 4763 modio
1336 4705 1419 4763 rostri
1434 4706 1544 4777 (draci.
1561 4705 1664 4775 assus),
1679 4711 1732 4761 net
1746 4720 1802 4763 ce-

100 4802 171 4865 nati,
187 4807 212 4854 et
236 4797 360 4854 mirabili
384 4798 556 4868 compendio
579 4794 655 4851 mala
679 4811 741 4852 sors
762 4806 856 4853 nostra
880 4799 923 4855 sic
977 4804 1056 4854 tera:
1073 4797 1177 4866 quibus
1202 4795 1298 4865 utique
1314 4794 1407 4851 serbis
1432 4795 1520 4863 pratia
1550 4795 1802 4866 praesignaturba-

101 4894 207 4944 mutata
223 4893 276 4952 est,
294 4887 343 4959 qui
359 4885 451 4942 ellecti
471 4901 569 4940 sumus
585 4883 635 4939 lilii
652 4886 869 4951 usquemodo
892 4889 922 4943 iu
977 4887 1076 4959 ptismi
1092 4884 1208 4942 Christi.
1225 4885 1298 4953 Ergo
1312 4884 1374 4941 tulli
1390 4886 1425 4940 de
1439 4886 1585 4957 gentibus,
1596 4892 1623 4939 ει
1637 4886 1803 4955 cunarepari

99 4993 176 5046 errari,
194 4982 240 5049 qui
252 4993 317 5032 curn
329 4975 411 5031 sulus
427 4975 516 5030 Films
532 4973 582 5030 llei
596 4981 680 5039 esset,
693 4989 801 5030 staturas
817 4981 921 5032 nostre
977 4977 1012 5031 de
1028 4976 1169 5032 universis
1184 4975 1267 5030 terrie
1291 4976 1440 5031 credentes
1451 4971 1481 5029 in
1497 4972 1653 5037 Christum,
1671 4980 1699 5029 et
1714 4973 1805 5045 bapti·

100 5068 242 5137 particeps
265 5066 357 5122 iactus
376 5077 414 5121 est
432 5065 454 5134 (l
472 5065 546 5119 Patr.
565 5066 595 5131 ι).
619 5065 743 5120 Gratiam
766 5065 848 5123 istam
872 5069 923 5125 mi·
975 5065 1030 5119 sari
1046 5079 1095 5120 eus
1110 5063 1344 5119 inremissionem
1355 5061 1610 5132 peccaturum,buc
1625 5063 1802 5120 sanctificari

99 5168 176 5212 ratur
192 5155 286 5211 omnis
308 5161 448 5218 creatura,
466 5153 601 5224 predicat
627 5166 675 5220 pe·
698 5154 798 5209 orbem
823 5168 922 5211 sancta
975 5161 1018 5209 est
1036 5169 1141 5209 numen
1158 5164 1283 5215 tuum.u
1311 5154 1383 5209 Deus
1413 5152 1494 5207 Pater
1521 5152 1664 5217 omnium,
1679 5153 1746 5222 quia
1761 5157 1803 5209 sic

99 5245 236 5311 Ecclesia,
253 5249 428 5299 vens-rantur
440 5240 544 5307 eoacti,
563 5248 729 5297 sererentur
743 5243 920 5312 arcbsnacli,
976 5243 1067 5299 sancti
1084 5242 1154 5298 fiunt
1169 5243 1209 5307 lii,
1227 5257 1312 5313 super
1324 5258 1395 5314 quos
1410 5242 1559 5298 invocatur
1576 5257 1680 5297 numen
1707 5249 1800 5296 tuum.

98 5332 405 5406 niagrriticantthruui,
431 5328 591 5401 glorificant
613 5330 834 5397 dominationes,
859 5333 920 5389 lau·
976 5331 1088 5388 Etenim
1120 5331 1309 5388 sanctificatio
1333 5332 1392 5387 hec
1422 5347 1517 5387 resera
1541 5330 1800 5387 nurtiiniatuissn.

96 5425 164 5480 dant
182 5420 490 5495 principatus,adurant
508 5423 670 5490 potestates,
684 5419 854 5478 tranauit-uns
865 5424 919 5478 rir.
975 5422 1113 5480 ctiticatiu
1125 5423 1200 5481 etc
1218 5432 1269 5490 est,
1285 5424 1352 5493 quia
1377 5439 1435 5479 nou
1456 5432 1512 5477 tam
1527 5422 1597 5492 ipsis
1607 5421 1698 5484 datur,
1714 5435 1799 5490 quam

96 5519 182 5579 tutes,
196 5513 361 5568 desiderant
374 5510 403 5566 in
419 5524 479 5566 cani
498 5509 659 5578 prospicere
681 5510 819 5567 cherubin
835 5522 921 5583 atque
978 5522 1028 5569 tnu
1044 5513 1247 5584 numiniq'mta
1263 5511 1334 5568 illud
1348 5515 1421 5584 quod
1437 5512 1545 5568 dictum
1562 5518 1601 5566 est
1617 5524 1668 5581 per
1682 5506 1800 5565 Psalmi·

101 5602 248 5676 ssrapbiu.
264 5599 490 5659 Admirationem
520 5608 604 5656 mute
618 5598 717 5671 gratie
731 5615 784 5659 nos
809 5616 921 5677 quoque
975 5606 1052 5659 stam
1064 5618 1071 5658 ε
1084 5624 1098 5653 a
1111 5600 1174 5664 Nun
1189 5600 1426 5676 contabulatio,
1442 5616 1501 5657 non
1517 5598 1610 5671 uobie;
1626 5598 1676 5656 scd
1687 5598 1800 5657 nomini
