3826 6014
28 256 32 263 ’
139 244 198 307 ⁵0⁷
686 254 861 319 nossem
881 246 1046 318 tueare
1067 240 1290 318 rurrumsis
1783 247 1843 310 eos

138 379 204 452 ejus
218 380 249 436 in
263 382 364 437 eadem
379 382 548 456 captivitate
562 387 671 444 exstitit
692 387 768 447 Μ
792 395 825 447 ut
842 407 877 448 ne
893 388 1109 464 qui-Ausone
1124 388 1160 444 sd
1174 386 1310 444 ultimum
1325 387 1398 443 Osee
1414 384 1507 442 tilium
1532 384 1614 451 Hele,
1638 383 1688 456 qui
1717 398 1841 457 regnare

141 468 207 523 dem
221 470 256 525 de
272 486 373 524 mensu
385 473 505 546 regis,et
520 477 555 533 de
567 478 633 532 vino
649 482 809 551 potusejus
821 480 909 554 pollui
919 500 967 556 pa·
1019 480 1138 550 ceputn
1152 478 1285 535 Samaria
1296 493 1372 532 anuo
1387 475 1559 532 duodecimo
1572 473 1734 546 registuda
1747 473 1843 529 echas

142 561 753 643 serentur.Hisdietissdpersonamque
776 580 966 643 percunctata
1017 568 1061 642 (W
1086 571 1150 641 Rei·
1181 569 1236 640 XV),
1267 566 1323 623 Sub
1348 583 1405 638 (11¹⁰
1427 565 1490 638 59⁸⁰
1515 565 1718 637 ΡΓΟΡῙῙΘΜΜ
1750 564 1843 635 '85¹⁰‘

142 648 247 717 lueret,
263 651 386 708 diceudo
404 671 411 709 ι
426 654 497 723 Quid
508 657 627 730 dignam
641 661 757 733 operum
777 662 919 719 Domino?
936 670 965 721 et
1017 659 1107 716 adbuc
1122 661 1194 730 tynis
1210 661 1238 714 in
1254 658 1333 714 domo
1350 657 1442 728 impii,
1467 655 1556 712 nimis
1572 655 1620 711 ‘15¹¹
1647 655 1843 726 ΡΘΝΘἿΒΝΝῙι

141 743 254 806 celera,
271 743 424 799 confestim
442 748 527 817 quasi
544 756 698 820 quaereret,
715 767 783 807 cum
809 753 898 822 igitur
922 754 964 810 ie·
1017 749 1290 806 satiabilisavaritta
1301 748 1329 803 in
1342 747 1454 812 vobisc
1465 745 1564 802 decern
1577 745 1754 817 trinaeque
1767 743 1841 800 estis

141 844 205 885 cero
220 830 281 887 hec
297 836 328 887 ut
341 831 479 891 iudicasti
493 837 576 903 mihi,
590 839 660 909 quid
674 846 879 912 consequetur,
896 845 964 900 sub·
1017 839 1123 897 domus
1139 836 1233 909 impii,
1251 834 1363 893 scilicet
1381 835 1537 893 ieroboam
1563 833 1613 907 qui
1636 851 1689 892 vos
1718 848 1839 906 peceare

138 921 237 994 junxit
253 928 340 995 atque
357 926 421 983 ait:
447 929 500 984 l'oe
523 929 678 987 Doniiniod
693 932 961 1006 civitatemclamat,
1016 930 1094 998 lecit,
1110 930 1156 986 oui
1173 946 1225 986 vos
1239 935 1379 1001 tunquam
1397 927 1522 984 Domino
1548 925 1654 982 demus
1677 926 1714 982 ad
1731 925 1840 983 malum

138 1013 546 1074 eritsulnstimentibusuomen
559 1037 663 1077 messii.
674 1026 830 1079 Personam
842 1041 961 1097 expres·
1016 1018 1199 1086 deseruistis,
1213 1036 1280 1075 ⁰¹1¹ss
1292 1019 1438 1074 deberetis
1449 1033 1513 1073 ⁰⁵³0
1527 1016 1635 1073 d⁰m⁰⁸
1647 1016 1758 1072 omnini
1776 1014 1837 1072 ⁰⁰5·

138 1101 177 1157 sit
192 1104 387 1172 manifestius,
400 1123 489 1178 quam
506 1126 595 1181 supra
610 1111 738 1167 diximus
752 1127 817 1169 esse
828 1114 959 1171 Hierusa·
1014 1110 1096 1175 Quod
1111 1111 1229 1165 nomini
1244 1109 1333 1181 ignis»
1346 1109 1444 1181 uitam
1456 1106 1567 1162 dictum
1584 1111 1638 1173 est,
1655 1107 1778 1162 &varitia
1790 1107 1841 1162 de·

39 1246 43 1253 ,
138 1188 208 1257 lem,
221 1192 307 1249 vetuti
321 1210 402 1251 reum
414 1197 469 1252 sub
477 1198 591 1267 judicio
605 1202 789 1258 confitentem
802 1211 888 1276 atque
900 1224 959 1278 poe-
1013 1199 1221 1273 bestioletiigi,
1234 1217 1361 1273 sequeus
1372 1199 1469 1255 littera
1480 1200 1551 1254 satis
1563 1198 1743 1254 innantium
1756 1198 1835 1254 euim

140 1281 293 1346 nitentem,
309 1283 401 1340 altero
412 1286 442 1340 in
459 1286 545 1343 malis
558 1298 770 1361 perseverante,
787 1293 898 1350 scilicet
909 1301 959 1352 Sp.
1013 1291 1145 1358 dixisset,
1157 1290 1249 1346 sitibus
1259 1291 1331 1362 tyriis
1341 1289 1658 1361 indcmoimpiiststim
1671 1290 1834 1360 subjunxit,

5 1410 32 1421 ..
140 1375 253 1438 marie,
268 1373 295 1428 id
311 1378 355 1429 est
369 1377 469 1432 decem
486 1377 592 1445 tribus,
610 1386 712 1436 contra
725 1399 798 1453 quas
824 1384 960 1455 protinus
1012 1384 1139 1437 inescari
1147 1380 1343 1452 iniquitatiset
1354 1396 1483 1435 mensura
1494 1383 1584 1433 minor
1599 1380 1653 1436 irre
1663 1378 1836 1450 plenarium

138 1478 325 1535 nequaquam
343 1466 482 1521 remissso
498 1468 730 1525 clamoretaliter
742 1473 956 1531 invehitur.Au·
1006 1469 1163 1541 justificabo
1177 1477 1311 1526 staterum
1326 1469 1442 1540 impium
1460 1475 1485 1524 et
1509 1468 1621 1523 saccelli
1638 1468 1762 1539 pondera
1785 1467 1833 1524 do·

136 1550 201 1617 dite,
218 1551 315 1608 tribus.
332 1554 364 1607 lit
377 1557 440 1627 ouis
452 1557 614 1627 approbabit
628 1560 723 1615 ittad‘l
738 1561 833 1618 Adbuc
843 1566 916 1632 iynss
928 1567 958 1620 in
1011 1558 1080 1627 tosa,
1096 1564 1127 1616 in
1141 1559 1239 1633 quibus
1253 1560 1352 1616 diuites
1363 1561 1420 1628 eius
1435 1558 1535 1630 repleti
1548 1568 1612 1612 sunt
1625 1557 1785 1629 iniquitate,
1807 1565 1836 1613 el

136 1643 215 1699 domo
230 1646 322 1715 impii,
341 1646 466 1702 tiresuuri
476 1649 646 1722 iniquitatis,
661 1661 686 1709 ct
703 1669 839 1710 mensura
864 1659 958 1712 minor
1011 1650 1167 1707 habitantes
1184 1653 1213 1705 in
1224 1667 1255 1706 eo
1271 1650 1457 1722 loquebantur
1475 1647 1659 1715 menducium,
1680 1651 1706 1704 et
1735 1647 1835 1719 tinyuo

137 1731 191 1789 irre
203 1732 297 1804 pleno.
312 1735 383 1791 lium
393 1738 554 1807 justificabo
568 1749 699 1796 staterum
719 1744 846 1815 impiam,
859 1756 885 1802 et
899 1763 946 1803 soc
974 1757 1107 1833 petrum
1119 1741 1301 1813 fraudulenta
1317 1741 1346 1794 in
1357 1755 1402 1794 ore
1418 1741 1539 1810 ipsorum
1554 1738 1568 1792 ‘l
1583 1737 1709 1793 tlensura
1730 1739 1835 1806 minor,

135 1825 200 1881 celii
220 1826 341 1896 pondera
361 1826 463 1894 dolosa,
482 1831 513 1885 in
536 1833 636 1902 quibus
660 1834 761 1890 divites
779 1836 840 1907 rjus
860 1839 958 1909 repleti
1013 1847 1103 1905 quam
1120 1829 1290 1886 texDomini
1306 1829 1464 1897 interdicti,
1481 1833 1509 1884 θῑ
1529 1827 1631 1893 dolosa,
1658 1826 1685 1881 id
1707 1832 1752 1883 eii
1775 1844 1835 1883 ¹10ss

134 1923 199 1970 ianr
213 1915 372 1987 iniquitate,
386 1927 412 1974 er
425 1919 583 1976 initiantes
597 1924 625 1977 m
637 1938 670 1978 m
686 1923 870 1997 loquerentur
885 1946 962 1985 meu.
1014 1937 1097 1992 equa
1113 1920 1252 1993 pondera,
1269 1918 1340 1974 uum
1357 1917 1386 1972 in
1399 1913 1455 1972 alio
1473 1914 1833 1988 perseverantissimis

135 2002 294 2074 dubiumst
310 2005 407 2079 linyuc
422 2025 516 2065 eorum
526 2013 705 2080 iraudulentu
717 2018 745 2069 in
757 2015 959 2088 creipsorumi
1014 2008 1070 2066 alio
1085 2016 1235 2065 emuntur.
1247 2006 1435 2063 Mercimonia
1444 2007 1571 2078 proiectu
1587 2004 1714 2061 avaritia
1724 2005 1836 2060 instru-

136 2098 169 2151 lit
183 2111 232 2165 ego
247 2112 313 2166 erpo
327 2102 543 2170 coepipcrcutere
553 2108 578 2157 te
592 2104 834 2178 perditionesuper
841 2111 959 2179 peccatis

136 2186 199 2241 tuis.
219 2186 255 2242 Tu
271 2187 392 2243 comedes
410 2193 436 2244 et
460 2207 515 2246 non
539 2192 719 2263 saturaberis,
744 2205 770 2251 et
794 2195 956 2257 bumiliatio

137 2279 186 2331 tua
200 2277 230 2330 in
245 2276 337 2332 medio
355 2280 408 2335 tui.
431 2280 630 2351 Apprelseudes,
655 2294 681 2340 et
697 2301 751 2341 non
770 2287 894 2343 salvabis
908 2306 915 2355 ς
931 2294 959 2345 et

135 2379 202 2438 yuos
214 2367 373 2435 satiaveris,
390 2371 418 2424 in
432 2371 559 2439 ytridium
584 2372 666 2430 dabo.
685 2375 721 2429 Tu
744 2378 904 2447 seminabis,
931 2387 957 2435 et

135 2469 189 2511 non
205 2462 289 2512 metes
304 2481 311 2523 ;
327 2466 356 2513 tu
371 2459 490 2515 calcabis
504 2461 619 2528 cliuum,
634 2467 659 2519 el
681 2480 737 2518 non
761 2468 873 2536 anyeris
888 2469 956 2536 oleo,

23 2540 26 2545 ’
134 2554 160 2600 et
174 2557 295 2603 mustum
310 2553 336 2604 et
350 2565 405 2605 nou
419 2550 491 2607 bibes
507 2555 613 2610 cirrum.
630 2554 663 2608 El
672 2555 813 2612 custodisti
822 2568 956 2631 precepto

134 2634 220 2705 Amri,
232 2643 257 2694 et
272 2655 352 2695 omne
370 2654 437 2711 opus
456 2644 552 2698 domus
575 2643 676 2713 Acbub,
700 2650 729 2701 et
750 2646 906 2704 ornbulasti
926 2651 955 2705 in

133 2726 319 2783 voluntatibus
334 2746 438 2796 eorum,
456 2738 486 2787 ut
508 2738 606 2788 darem
621 2740 646 2789 te
668 2751 698 2790 sn
718 2736 914 2805 perditionem,
930 2740 954 2794 et

127 2814 283 2874 lentienses
309 2822 338 2875 in
362 2824 436 2878 eoin
458 2825 584 2885 sibilum.
606 2828 632 2880 et
656 2827 833 2897 opprobrium
858 2831 954 2900 populi

126 2910 283 2977 portabitis.
315 2910 469 2968 Maniiests
489 2914 601 2969 divisus
623 2922 669 2970 est
692 2919 804 2971 clamor
824 2917 953 2987 Domini,

130 2998 217 3052 verba
232 3001 428 3056 consolatoria
442 3002 748 3074 denuntianscivitati,
763 3007 873 3062 scilicet
885 3007 953 3063 Hie·

132 3086 272 3149 rusalem.
285 3089 360 3158 quiid
377 3090 415 3144 sit
429 3090 693 3149 salustimenttbus
704 3111 810 3150 nomen
828 3096 953 3163 Domini,

130 3171 201 3229 titiis
217 3176 282 3243 ejus
297 3176 332 3231 de
340 3178 509 3249 captivitate
522 3181 692 3238 reversuris.
711 3188 812 3239 Decem
825 3202 891 3240 vero
903 3187 953 3242 tri·

131 3259 228 3316 bubus
244 3265 342 3334 qualia
355 3272 503 3323 merentur
513 3268 527 3324 ‘l
539 3269 646 3336 Audite,
657 3270 763 3343 iuquit,
776 3273 953 3337 tribuseub-

128 3351 246 3407 auditur
260 3370 334 3423 opus
348 3361 491 3424 vestrum,
508 3360 585 3430 quod
603 3376 681 3416 nuno
704 3361 734 3417 iu
754 3362 871 3433 judicio
898 3367 953 3420 tio-

57 3453 63 3465 ·
129 3440 203 3496 mini
219 3444 360 3515 arguitur.
378 3447 410 3503 m
424 3450 485 3521 yuis
504 3453 671 3525 approbabit
694 3455 788 3512 illudi
813 3454 953 3510 Videlicet

130 3544 217 3586 nemo
231 3534 349 3604 probus,
367 3552 454 3595 nemo
470 3540 527 3596 nisi
538 3542 701 3614 improbus,
717 3545 802 3615 cujus
817 3553 846 3600 et
860 3545 883 3599 si
898 3560 952 3599 cu·

133 3619 241 3690 piditas
255 3627 408 3696 approbat,
425 3629 501 3685 ratio
515 3635 612 3689 tamen
629 3633 785 3706 improbat.
798 3634 953 3690 Verumta-

133 3713 362 3787 meninjudicio,
375 3722 445 3778 dum
458 3739 504 3779 res
515 3726 682 3782 ostenditur
696 3727 897 3792 nuda,mirum
910 3733 955 3783 est

5 3836 9 3847 .
60 3834 63 3839 >
132 3802 158 3859 si
173 3804 217 3860 vel
234 3806 384 3878 improbus
399 3811 560 3884 approbare
575 3815 681 3871 audent
697 3815 838 3885 pertinaci
853 3816 951 3888 impu·

131 3894 240 3952 dantia.
257 3898 331 3962 Quid
347 3904 392 3956 est
407 3900 478 3956 illud
498 3903 510 3955 l
523 3901 620 3958 Adbuc
635 3906 709 3973 tynis
725 3907 756 3960 in
767 3905 846 3960 domo
860 3905 952 3977 impii,

130 3982 253 4040 ibescuri
268 3987 435 4058 iniquilatis,
452 4005 581 4047 mensura
592 3994 684 4047 minor
699 3995 751 4050 irae
765 3990 953 4064 plena.0ussi

25 4074 29 4081 '
130 4088 223 4130 unum
238 4075 465 4146 crimendecem
477 4079 609 4138 tribuum
623 4083 651 4138 iri
661 4083 808 4154 judicium
820 4083 950 4149 adducit,

1013 2104 1205 2157 mentesani.
1221 2098 1257 2153 Et
1278 2097 1325 2152 hic
1340 2101 1385 2152 est
1402 2112 1467 2152 sere
1492 2097 1573 2166 tynis,
1599 2093 1649 2166 nui
1673 2098 1702 2150 et
1728 2098 1836 2151 cuncta

1014 2188 1232 2257 bonadestruit,
1242 2191 1422 2258 etnunyuum
1436 2185 1635 2256 dicit.Sutpicit
1647 2186 1739 2254 (Pron.
1756 2185 1833 2256 aas).

1012 2280 1095 2344 Num,
1109 2279 1215 2350 inquil,
1232 2277 1291 2332 haec
1307 2275 1524 2348 egojustifirabc
1538 2274 1626 2330 ‘lNon
1642 2274 1754 2346 utique,
1781 2273 1834 2329 sed

1013 2368 1224 2427 condemnabo.
1241 2366 1329 2422 ldinor
1344 2382 1485 2431 rnensuru,
1499 2364 1640 2421 minorem
1653 2366 1771 2435 capiens
1785 2381 1835 2420 ve-

1012 2457 1108 2515 nalem
1125 2457 1331 2523 substantiam,
1350 2458 1488 2527 maj0rem
1505 2455 1584 2526 capit
1597 2455 1671 2510 iram
1687 2453 1716 2508 in
1734 2453 1833 2511 sinum

1010 2557 1142 2605 vestrum
1159 2547 1385 2603 retundendum.
1408 2546 1552 2617 siquidem
1569 2562 1712 2618 pauperes
1724 2543 1779 2601 hoc
1791 2544 1834 2599 la-

1011 2642 1236 2711 cerent,polerut
1252 2636 1350 2709 inopia
1367 2636 1460 2691 scelus
1476 2635 1648 2692 necessitate
1664 2634 1833 2702 defendere,

1012 2745 1091 2785 nunc
1109 2744 1175 2783 vero
1190 2726 1297 2794 diuites,
1314 2727 1365 2789 sil,
1382 2725 1461 2781 ineis
1477 2723 1579 2798 repleti
1591 2728 1653 2780 sunt
1669 2723 1835 2795 iniquitate,

1010 2816 1038 2874 id
1055 2824 1100 2874 est
1114 2816 1223 2872 divitiis
1238 2816 1434 2888 iniquisque
1449 2823 1663 2887 congregantur
1679 2830 1712 2868 ex
1725 2811 1834 2886 iniqui-

1009 2913 1080 2975 tate,
1096 2911 1121 2963 et
1136 2906 1294 2963 batiitontes
1315 2905 1346 2961 in
1361 2921 1405 2973 eu,
1430 2904 1606 2961 subauditur
1625 2906 1711 2960 domo
1735 2902 1833 2976 impii,

1009 2998 1170 3070 loquuntur,
1187 2997 1238 3062 ait,
1253 2995 1441 3060 menducium,
1456 3003 1482 3051 el
1497 2996 1594 3067 tinyno
1608 3011 1702 3050 eorum
1714 2994 1834 3065 {raudu-

1011 3088 1085 3143 tentu
1101 3089 1131 3142 in
1146 3103 1310 3155 urceorum,
1326 3087 1394 3156 quis
1418 3085 1554 3141 videlicet
1578 3083 1834 3156 congregationem

1011 3176 1178 3233 divitiarum
1195 3175 1328 3247 sequitur
1344 3175 1538 3240 menducium,
1555 3180 1583 3229 et
1599 3191 1687 3229 manu
1713 3180 1834 3229 assueta

1009 3267 1163 3345 thesauros
1179 3273 1301 3322 condere
1315 3265 1529 3322 lraiidutrnlaru
1544 3265 1674 3338 linguam
1688 3264 1832 3335 possidet.

1008 3354 1124 3412 Veritas
1144 3359 1345 3428 paupertatem
1370 3355 1456 3427 perit.
1486 3358 1522 3410 Et
1545 3370 1591 3425 eyc
1621 3370 1697 3424 eryo,
1723 3354 1833 3425 inquit,

1007 3449 1078 3520 capi
1086 3455 1228 3518 percutere
1244 3457 1270 3504 te
1285 3449 1443 3518 perditione
1453 3463 1537 3517 super
1545 3447 1667 3518 peccatis
1681 3447 1747 3510 luis,
1763 3444 1833 3501 sub·

1008 3538 1137 3612 auditur,
1149 3546 1178 3597 cl
1192 3548 1344 3614 percutere
1360 3557 1416 3596 nou
1433 3540 1566 3596 desinam
1588 3556 1682 3611 usque
1707 3537 1742 3594 sd
1758 3554 1832 3594 con·

1008 3637 1186 3687 summatum
1213 3630 1419 3702 perditionem,
1446 3628 1585 3701 quoniam
1612 3644 1780 3701 perseveras
1798 3628 1830 3684 in

1009 3722 1143 3794 peccatis.
1158 3725 1198 3777 Ac
1214 3719 1340 3776 sidicat:
1357 3724 1511 3791 Propterea
1517 3719 1576 3788 jam
1588 3735 1664 3788 sepe
1680 3717 1746 3773 misi
1758 3734 1832 3772 con·

1009 3815 1053 3868 tra
1068 3827 1163 3880 regem
1179 3809 1376 3882 Assyriorum,
1388 3815 1416 3863 et
1431 3808 1500 3880 quia
1514 3813 1544 3862 tu
1556 3807 1584 3863 iu
1596 3809 1720 3879 peccatis
1732 3823 1831 3879 perse·

1008 3902 1218 3968 verus,mtttam
1236 3899 1319 3954 illum
1331 3899 1448 3954 iterum.
1466 3899 1550 3966 Nam,
1567 3900 1636 3970 quia
1652 3899 1706 3954 iste
1722 3899 1750 3952 iu
1768 3897 1831 3954 die·

1008 3992 1063 4047 bus
1077 3989 1213 4056 loalban,
1229 3988 1323 4044 Achuz
1337 3993 1365 4044 el
1380 3987 1508 4043 Ezechiae
1523 3989 1831 4060 propheturileppor·

1007 4085 1166 4136 tunenunc
1183 4079 1310 4134 historie
1327 4079 1418 4133 series
1433 4079 1467 4132 ud
1486 4078 1657 4132 memoriam
1675 4077 1749 4132 redit
1777 4093 1831 4148 pro

131 4163 182 4218 sed
199 4180 249 4235 per
264 4164 336 4221 illud
355 4183 458 4234 unum,
475 4176 577 4227 celera
603 4190 720 4245 quoque
745 4173 831 4228 simut
852 4173 953 4230 omnia
1007 4188 1040 4228 eo
1056 4171 1133 4243 quod
1151 4170 1191 4224 ait
1206 4185 1213 4223 :
1229 4171 1264 4224 Et
1279 4184 1325 4239 eyo
1340 4170 1481 4238 eryocoepi
1490 4177 1665 4238 percuterem
1675 4166 1833 4239 perditione

132 4253 802 4328 comprehendit.bitrecte,nsmrudisornnium
812 4265 953 4318 malorum
1006 4278 1088 4334 super
1102 4260 1220 4330 peccatis
1235 4262 1300 4314 iuis.
1319 4259 1448 4330 lienique
1473 4275 1549 4314 unito
1564 4259 1720 4315 duodecimo
1740 4261 1833 4315 Actias

23 4390 27 4397 .
132 4344 291 4418 avaritiatl
310 4347 372 4401 Tim.
390 4347 438 4419 vr).
456 4350 552 4420 Ipsam
583 4352 732 4407 avaritiam
750 4354 954 4409 convenienter
1006 4348 1255 4423 reynacitbmein
1279 4346 1412 4404 Sacraria
1437 4364 1519 4420 super
1536 4350 1629 4417 lsrael,
1655 4349 1833 4421 ascenditque

132 4434 250 4492 nomine
265 4436 341 4504 ignis
356 4437 485 4494 deuolat.
501 4443 575 4494 Sunt
590 4440 667 4497 enirn
685 4442 746 4498 hec
760 4443 879 4499 similia.
896 4444 953 4500 De-
1006 4454 1099 4499 contro
1118 4457 1179 4497 eum
1195 4439 1376 4495 Soimcnascr
1389 4455 1440 4495 reu
1453 4440 1642 4511 Assyriorum,
1653 4445 1778 4512 attactus
1792 4448 1832 4497 est

132 4525 220 4596 nique
235 4528 308 4598 iynis
322 4544 466 4599 nunquam
479 4528 570 4586 dicit:
594 4531 716 4604 suffieit,
740 4533 781 4587 ait
802 4532 954 4605 Sapientia
970 4535 993 4598 D
1007 4532 1034 4588 ei
1047 4535 1118 4590 osee
1132 4546 1238 4598 seruus,
1250 4528 1432 4601 reddebatque
1455 4529 1559 4585 tributa
1586 4531 1634 4599 tri
1656 4532 1720 4600 lieo.
1746 4533 1829 4604 xvir).

130 4615 223 4685 (t’roc.
244 4619 320 4687 xxx),
351 4622 381 4674 et
407 4636 511 4675 auarus
548 4637 604 4677 non
630 4623 794 4694 implebitur
829 4623 949 4694 pecunia
1005 4627 1070 4678 uec
1085 4620 1139 4677 luit
1154 4620 1290 4693 iucoeptio
1307 4618 1514 4690 percussionis,
1530 4620 1633 4692 deque
1649 4621 1829 4679 nuncdicit:

128 4705 217 4777 tb'cct.
233 4709 271 4781 v),
289 4708 379 4779 igitur
392 4710 481 4767 adbuc
496 4713 569 4784 iynis
592 4715 622 4769 in
646 4716 729 4770 domo
750 4716 841 4786 impii,
862 4714 891 4769 id
907 4718 951 4771 est
1003 4712 1035 4768 m
1049 4727 1171 4782 eyoeryo
1186 4709 1253 4780 coepi
1279 4714 1421 4779 percutere
1446 4713 1472 4764 te
1497 4708 1660 4779 perditione.
1688 4712 1831 4783 Sequitur

132 4796 227 4853 adhuc
257 4800 388 4871 avaritia,
422 4815 485 4872 yuae
510 4810 549 4858 est
585 4804 798 4860 simulacrorum
834 4802 951 4860 seruitus
1005 4808 1103 4858 sutem
1122 4819 1129 4856 ι
1147 4800 1214 4856 Cum
1240 4809 1332 4854 nutem
1353 4798 1561 4868 deprehendisei
1581 4816 1632 4856 rec
1651 4800 1831 4872 Assyriorum

33 4880 37 4885 '
129 4883 241 4955 (dolose.
258 4889 311 4961 ru),
328 4890 399 4945 adeo
413 4895 515 4963 regnat
527 4895 554 4946 in
573 4892 702 4949 Samaria
719 4902 748 4947 ut
760 4908 862 4948 aurum
875 4891 951 4948 colat
1006 4893 1083 4963 Osee,
1099 4891 1169 4965 yuod
1182 4889 1319 4944 rebellare
1333 4889 1426 4943 uilem
1447 4891 1568 4946 misisset
1586 4891 1699 4946 nuntios
1716 4891 1752 4946 ad
1771 4893 1831 4951 Sua

131 4981 269 5048 tanquam
285 4979 390 5048 Deum,
402 4982 470 5036 coiit
485 4983 561 5038 enim
578 5000 664 5039 arrreu
676 4982 835 5040 simulacra
849 4983 952 5040 vituio-
1004 5001 1098 5054 renem
1113 4982 1273 5053 AEyypti,ne
1287 4983 1428 5049 prestaret
1439 4979 1543 5035 tributa
1557 4982 1616 5054 reyi
1636 4983 1827 5055 Assyriorum,

131 5080 208 5121 rum.
222 5068 302 5132 Quod
316 5069 397 5138 dicit,
408 5068 507 5141 odlsuc,
521 5073 790 5147 longiturnitatem,
820 5089 950 5146 perseve-
1005 5073 1077 5131 sicut
1089 5071 1213 5145 siuyslis
1226 5068 1310 5124 onnis
1322 5068 1421 5124 solitus
1431 5073 1501 5140 erni,
1516 5070 1620 5126 obsedit
1632 5089 1705 5143 eum,
1718 5084 1743 5131 et
1765 5077 1829 5132 uin·

130 5155 252 5212 tantiam
270 5161 380 5230 peccati
397 5160 568 5233 signiticat;
594 5164 663 5236 quia
686 5162 818 5220 videlicet
838 5180 872 5219 ex
891 5180 950 5235 quo
1005 5173 1079 5223 ctum
1094 5179 1156 5219 eum
1166 5162 1243 5217 misit
1263 5176 1291 5216 sn
1311 5175 1457 5228 carcerem,
1480 5167 1697 5235 pervagatusque
1711 5171 1754 5221 est
1769 5183 1829 5223 om·

128 5244 279 5302 leroboam
295 5247 363 5304 iilos
377 5249 445 5306 iecit
458 5250 575 5320 vitulos,
592 5269 642 5324 per
654 5257 697 5308 lot
711 5270 804 5310 anuos
821 5255 864 5310 vet
876 5259 949 5310 tem·
1003 5271 1064 5312 nem
1080 5259 1194 5309 terrum.
1214 5255 1249 5308 lit
1275 5249 1424 5306 ascendens
1448 5249 1617 5320 Samarium,
1638 5253 1741 5312 obsedit
1764 5272 1828 5314 eam

130 5350 213 5408 pora,
228 5340 271 5392 tot
281 5339 507 5396 succedentibus
523 5339 567 5398 vat
583 5342 740 5398 demutatis
756 5343 885 5415 regibus,
906 5348 950 5401 tot
1003 5345 1091 5400 tribus
1105 5344 1198 5400 annis.
1215 5344 1296 5399 Anno
1311 5346 1402 5396 autem
1416 5354 1486 5396 uano
1497 5337 1575 5409 Osee,
1588 5347 1668 5414 rupit
1683 5361 1733 5402 reu
1746 5348 1828 5422 Assy·

130 5424 223 5498 signis
236 5431 264 5481 et
279 5428 419 5501 prodigiis
440 5447 491 5501 per
515 5431 642 5487 tiliacum
667 5435 695 5486 et
717 5430 808 5487 liliam
834 5433 949 5489 exhibi-
1003 5434 1286 5501 riorumSonmriam,
1299 5429 1482 5487 ettrnusiutit
1508 5435 1538 5485 in
1558 5433 1692 5505 Assynios,
1717 5442 1824 5508 posuit·

128 5514 167 5569 tis
178 5515 275 5573 cultus
286 5520 455 5575 eorumdem
466 5519 621 5577 vitulorum
633 5527 837 5593 perseverandi
848 5524 947 5580 nultus
1001 5540 1054 5596 yue
1066 5540 1112 5579 ecs
1128 5523 1158 5579 in
1172 5523 1253 5595 Aylo,
1265 5526 1291 5577 el
1302 5523 1332 5576 iu
1346 5520 1426 5590 Abor,
1439 5521 1526 5591 jsruta
1539 5522 1659 5591 punirem
1684 5524 1782 5583 domm
1793 5533 1824 5587 iu

130 5605 250 5661 omnino
276 5624 378 5682 rogum
407 5627 423 5667 a
444 5612 572 5684 pcccatis
595 5611 748 5670 bercheim
774 5618 946 5685 recesserat,
1000 5613 1159 5672 ciuitatibus
1173 5613 1322 5686 dederam,
1335 5614 1438 5687 nitidi.
1453 5615 1506 5672 Hic
1517 5630 1612 5670 annus
1636 5622 1699 5675 crat
1721 5629 1824 5680 sextus
