3826 6014
160 206 218 268 527
711 197 887 262 abesam
908 196 1076 259 asanais
1096 197 1329 293 rosiliensis.
1803 205 1864 264 528

157 349 244 418 dens,
261 342 402 404 camdem
419 357 514 418 quam
528 337 661 419 predixi
674 336 860 415 sapientiam
876 333 1078 414 antiquorum
1094 335 1233 397 studiose
1248 335 1383 415 legendo
1398 334 1549 417 exquiris.
1566 337 1613 397 Tu
1641 337 1758 417 quippe
1785 338 1865 400 mihi

157 428 292 488 scribere
308 423 455 499 diguatus
471 439 504 479 es
533 426 563 479 et
579 420 695 496 scripto
711 426 765 479 tuo
782 434 981 478 commonere
999 434 1058 487 me,
1076 421 1110 476 ut
1124 416 1234 477 eodem
1250 417 1355 478 studio
1371 436 1444 496 quc,
1463 424 1497 478 ut
1512 417 1569 478 tibi
1586 418 1685 478 visum
1705 426 1763 498 cst,
1775 426 1865 480 trac-

157 517 296 568 taveram
312 521 366 561 sex
382 501 553 580 prophetas
568 501 752 571 anteriores,
767 505 935 559 tractarem
950 505 981 557 et
997 497 1199 576 posteriores,
1216 497 1323 577 utique
1340 516 1395 576 per
1411 500 1469 557 boc
1484 498 1664 577 significans
1682 499 1862 577 simplicem

159 586 319 648 tenebere
334 582 473 654 oculum,
490 588 521 641 et
538 588 656 658 partem
674 581 792 639 nullam
806 578 974 638 habentem
992 578 1203 649 tenebrarum,
1220 584 1329 657 quales
1345 579 1509 658 peliuntur
1533 579 1674 651 nonnuli,
1706 582 1760 658 qui
1789 581 1862 641 nul·

160 669 225 728 lam
241 668 401 724 lucernam
418 662 561 740 quamvis
576 663 660 721 clare
676 661 832 721 lucentem
849 658 953 718 videre
968 659 1099 736 possint,
1116 658 1286 719 invidendo
1302 659 1370 719 aliis
1386 660 1471 737 quod
1485 660 1545 738 ipsi
1557 661 1690 719 assecuti
1702 680 1764 722 non
1776 667 1861 722 sunt.

201 753 302 808 Causa
317 743 394 814 baec,
412 752 458 802 est
471 761 527 803 cur
541 760 621 819 opus
634 741 711 801 illud
728 740 891 809 intermisi,
909 739 984 818 quia
999 739 1144 799 videlicet
1169 739 1339 799 difficultas
1361 740 1451 819 quasi
1473 740 1512 799 de
1535 743 1783 818 praesumptione
1812 762 1861 803 re-

164 827 333 905 darguens,
350 824 490 883 animum
506 823 661 882 defessum
679 821 826 893 reddidit,
842 826 873 880 et
888 820 1012 878 interim
1028 820 1115 880 Cano
1126 821 1316 881 reverendus
1332 830 1420 897 pater
1434 821 1569 880 coenobii
1598 823 1858 900 sygebergensis,

156 917 271 988 putans
288 923 336 965 me
351 923 431 983 opus
448 903 524 962 illud
543 922 640 980 usque
658 902 698 962 ad
713 905 808 961 linem
826 900 1020 978 perduxisse,
1048 901 1166 960 idcirco
1190 901 1294 978 otiari,
1319 901 1484 961 occasione
1508 901 1546 960 de
1573 909 1682 961 mutua
1704 912 1857 982 accepta:

161 1013 176 1045 u
194 988 311 1059 Sariba,
329 986 384 1055 ait,
403 984 479 1043 mibi
496 985 611 1043 librum
626 985 665 1042 de
681 983 810 1042 victoria
827 981 912 1040 verbi
927 981 993 1040 Dei.
1013 1003 1027 1034 »
1044 981 1117 1041 Haec
1145 980 1251 1040 dicens
1275 988 1306 1041 ot
1330 983 1443 1059 saepius
1471 988 1615 1060 repetens
1640 1001 1702 1042 non
1727 984 1861 1056 destitit,

159 1070 259 1130 donec
274 1068 414 1127 animum
429 1082 491 1143 quo
507 1065 631 1124 volebat
646 1063 778 1128 intendi,
795 1067 826 1122 et
840 1079 912 1121 ecce
928 1061 1076 1121 tredecim
1094 1060 1229 1131 libellos,
1245 1064 1309 1123 Deo
1321 1062 1504 1139 adjuvante,
1522 1064 1750 1136 consummavi,
1779 1066 1860 1125 illud

161 1151 347 1229 opusculum
364 1147 402 1207 de
418 1145 548 1204 victoria
564 1144 649 1203 verbi
667 1144 720 1203 Dei
734 1145 782 1202 vix
799 1144 1052 1220 evaginaveram,
1071 1141 1120 1199 vix
1137 1142 1175 1200 ad
1195 1151 1319 1220 portum
1340 1143 1621 1203 consummationis
1643 1162 1861 1222 perveneram,

159 1240 190 1292 et
205 1248 277 1290 ecce
291 1225 517 1287 admonitionis
534 1232 595 1284 tuae
612 1242 733 1283 mernor
747 1222 880 1300 diligens
896 1221 1020 1281 animus
1030 1223 1096 1300 jam
1113 1221 1214 1282 dictus
1229 1241 1283 1282 sex
1297 1224 1485 1302 posteriores
1502 1223 1761 1302 proplietasquos
1780 1228 1862 1287 omi*

159 1328 261 1372 seram
277 1309 425 1386 respexit,
442 1313 472 1365 et
487 1323 594 1366 amore
610 1305 737 1364 illorum
753 1304 894 1375 incaluit,
911 1309 942 1362 et
956 1303 1057 1362 sciens
1072 1302 1119 1362 vel
1133 1320 1263 1381 sperans
1279 1304 1363 1382 quod
1386 1304 1547 1364 meditatio
1559 1304 1722 1382 sapientiae
1733 1305 1860 1366 illorum

164 1390 307 1451 mercede
324 1407 386 1448 non
402 1386 531 1447 carebit.
549 1385 612 1464 Ipsi
628 1401 764 1463 namque
778 1383 1018 1444 tundamentum
1035 1390 1218 1460 posuerunt,
1236 1391 1267 1444 et
1297 1385 1479 1464 quicunque
1506 1408 1520 1441 u
1546 1404 1640 1463 super
1665 1386 1723 1446 boc
1749 1387 1865 1448 lunda-

160 1478 300 1531 mentum
316 1485 441 1537 aurum,
458 1473 635 1545 argentum,
664 1465 783 1544 lapides
807 1464 960 1541 pretiosos
981 1464 1290 1542 superaedificaverit,
1319 1468 1492 1526 mercedem
1523 1466 1685 1543 propriam
1714 1467 1863 1546 accipiet,

160 1550 328 1630 Apostolus
343 1550 387 1608 ait
401 1549 424 1626 (l
441 1548 510 1606 Cor.
528 1545 584 1625 iu).
603 1568 617 1600 u
636 1545 724 1605 Dicet
738 1545 872 1624 aliquis:
892 1550 1013 1622 tlrgone
1027 1562 1137 1604 sensus
1153 1545 1197 1604 tui
1212 1545 1300 1606 aurei
1314 1552 1398 1622 sunt,
1415 1552 1446 1606 et
1461 1564 1619 1606 sermones
1634 1547 1691 1618 tui,
1707 1557 1761 1607 tua
1777 1549 1863 1608 aesti-

165 1631 312 1701 mationa,
333 1628 455 1706 argenti
470 1626 569 1686 sunt?
584 1628 650 1686 Non
661 1644 719 1704 ego
733 1625 815 1697 dico,
833 1624 886 1684 sed
903 1632 990 1684 tuum
1008 1626 1082 1685 lacit
1093 1625 1248 1701 judicium
1264 1634 1295 1686 et
1312 1628 1495 1699 multorum,
1512 1628 1577 1704 qui,
1594 1633 1630 1687 ut
1644 1634 1689 1698 tu,
1716 1629 1863 1690 benevoli

76 1714 79 1719 '
163 1718 246 1785 sunt,
265 1709 378 1788 quibus
393 1707 488 1768 etiarn
504 1707 555 1765 vix
571 1707 673 1776 credo,
693 1706 777 1784 quod
793 1723 903 1765 sensus
918 1704 1029 1778 nostri,
1058 1723 1215 1766 sermones
1239 1707 1349 1785 nostri,
1376 1707 1518 1767 sensibus
1541 1714 1633 1785 atque
1660 1710 1860 1769 sermonibus

54 1822 73 1861 1,
159 1792 286 1852 illorum
302 1789 419 1850 similes
433 1788 505 1856 sint,
524 1786 637 1866 quibus
650 1786 683 1845 in
700 1786 822 1864 psalmo
836 1786 971 1863 spiritus
985 1793 1111 1846 sanctus
1126 1787 1221 1846 dicit:
1240 1810 1256 1841 u
1272 1788 1304 1848 si
1319 1787 1483 1847 dormiatis
1507 1787 1589 1847 inter
1614 1790 1734 1850 medios
1758 1792 1862 1851 cleros

163 1890 274 1951 pennae
290 1869 444 1931 columbae
458 1869 682 1945 deargentatas.
698 1875 729 1926 et
745 1867 919 1945 posteriora
935 1866 1019 1926 dorsi
1033 1869 1102 1944 ejus
1116 1868 1148 1926 in
1165 1867 1285 1946 pallore
1301 1869 1369 1927 auri
1385 1867 1479 1946 (Psal.
1497 1867 1603 1948 xxvii).
1624 1893 1638 1924 u
1656 1870 1694 1930 Et
1721 1878 1768 1930 est
1792 1891 1863 1931 sen·

162 1970 235 2014 sus:
252 1952 284 2012 Si
300 1949 421 2010 fueritis
436 1949 598 2008 studentes
613 1946 646 2006 in
662 1946 749 2007 libris
765 1947 884 2007 Veteris
900 1963 936 2006 ac
953 1946 1030 2007 Novi
1046 1947 1250 2020 Testamenti,
1267 1948 1321 2026 qui
1346 1948 1440 2008 modii
1464 1955 1546 2021 sunt,
1572 1949 1626 2028 qui
1652 1952 1864 2013 communiter

165 2033 206 2093 de
222 2043 356 2110 utroque
371 2030 574 2090 ‘testamento
589 2027 765 2087 afidelibus
780 2027 940 2106 eliguntur
954 2033 985 2086 et
998 2027 1031 2087 in
1054 2027 1242 2089 auctoritate
1265 2027 1432 2102 habentur,
1459 2036 1489 2090 et
1513 2030 1550 2108 si,
1575 2031 1716 2109 iuquam,
1743 2033 1865 2092 fueritis

163 2114 326 2173 studentes
340 2111 371 2170 in
386 2110 459 2179 illis,
477 2110 502 2168 si
518 2107 789 2187 perseveraveritis
803 2107 834 2167 in
851 2107 914 2167 illis
930 2125 1028 2186 usque
1044 2107 1083 2168 ad
1097 2109 1320 2169 dormitionem
1336 2110 1455 2186 mortis,
1475 2115 1548 2170 tunc
1564 2111 1730 2189 apparebit
1760 2113 1861 2185 vobis,

162 2200 194 2253 ct
209 2212 266 2272 per
282 2210 336 2252 vos
346 2192 520 2250 innotescet
530 2188 611 2261 aliis,
627 2188 712 2268 quod
731 2211 746 2244 u
762 2206 872 2267 pennae
889 2187 1044 2249 columbae
1059 2188 1271 2268 deargentatae
1285 2214 1299 2243 u
1313 2188 1389 2265 sint,
1407 2213 1422 2244 «
1440 2197 1471 2250 et
1486 2191 1660 2270 posteriora
1686 2192 1771 2253 dorsi
1795 2192 1865 2272 ejus

162 2272 195 2333 in
211 2273 333 2352 pallore
348 2269 428 2345 auri,
445 2293 460 2326 n
477 2270 510 2329 id
525 2269 671 2347 estquod
686 2277 802 2329 sanctae
828 2268 998 2347 Scriptura
1020 2287 1123 2329 sermo
1147 2270 1294 2341 exterior,
1317 2271 1371 2350 qui
1396 2271 1607 2332 nescientibus
1631 2272 1755 2335 videtur
1780 2274 1861 2349 vilis,

74 2376 76 2381 ·
164 2353 231 2432 ipse
246 2368 340 2432 super
354 2368 478 2412 omnem
495 2349 708 2428 eloquentiam
724 2349 908 2410 saecularem
933 2348 1105 2429 praeclarus
1128 2351 1177 2423 sit,
1207 2374 1223 2406 u
1246 2352 1331 2411 uelut
1354 2357 1520 2430 argentum
1545 2353 1617 2430 igne
1646 2354 1863 2415 examinatum

163 2434 261 2514 (Psal.
279 2434 335 2512 xi),
352 2455 368 2488 »
386 2438 417 2492 et
433 2433 580 2509 mysticus
595 2430 649 2510 qui
664 2429 721 2490 sub
738 2431 839 2491 verbis
855 2430 932 2490 latet
945 2448 1065 2508 sensus,
1082 2430 1161 2491 sicut
1176 2431 1234 2491 sub
1251 2431 1361 2510 pennis
1376 2433 1504 2492 dorsum
1520 2432 1586 2510 ipse
1616 2434 1800 2511 praeclarior
1823 2438 1865 2495 sit

165 2515 251 2574 velut
265 2531 388 2574 aurum.
406 2513 504 2589 igitur
519 2512 668 2589 quoniam
680 2517 711 2571 et
725 2516 758 2571 tu
775 2530 968 2582 commones,
984 2516 1015 2571 et
1029 2529 1099 2589 spes
1116 2512 1267 2572 mercedis
1283 2513 1313 2572 in
1326 2515 1389 2573 Deo
1405 2520 1462 2585 est,
1482 2513 1539 2573 iste
1563 2532 1689 2592 quoque
1714 2533 1795 2576 unus
1823 2517 1864 2576 de

162 2595 236 2656 liliis
250 2594 441 2673 captivitatis
456 2611 550 2670 super
567 2592 807 2652 fundamentum
824 2591 894 2669 hoc,
913 2599 947 2652 ut
961 2591 1067 2670 coepit,
1085 2593 1313 2671 superaedilicet
1329 2595 1413 2670 quod
1431 2599 1543 2672 potest.
1561 2593 1642 2654 Olim
1657 2595 1700 2654 sic
1716 2597 1776 2656 fuit
1797 2596 1865 2657 dic-

162 2683 241 2753 tum,
259 2673 481 2736 subsannando
497 2672 569 2731 liliis
585 2672 870 2750 transmigrationis
884 2671 1117 2732 aedificantibus
1135 2691 1240 2732 murus
1253 2673 1469 2734 Hierusalem:
1489 2698 1502 2728 ι
1520 2675 1698 2747 AEdilicent,
1714 2676 1741 2736 si
1753 2695 1864 2738 asceu-

162 2757 243 2818 derit
259 2757 380 2835 vulpes,
398 2753 552 2814 transiliet
567 2770 691 2813 murum
708 2771 816 2813 eorum
833 2752 990 2820 lapideum
1008 2750 1046 2830 (ll
1062 2752 1152 2814 Esdr.
1170 2753 1213 2832 iv)
1229 2775 1243 2810 u
1262 2760 1293 2814 et
1309 2753 1354 2813 illi
1368 2763 1495 2815 econtra
1511 2772 1517 2813 :
1536 2779 1551 2809 u
1568 2755 1659 2833 Audi,
1684 2757 1765 2817 Deus
1789 2775 1863 2818 nos-

162 2844 221 2908 ter,
239 2838 312 2917 quia
328 2835 402 2896 iacti
418 2853 526 2894 suiuus
541 2832 713 2912 despectui.
730 2833 883 2893 Converte
898 2832 1103 2911 opprobrium
1119 2841 1319 2913 supercaput
1333 2853 1441 2895 eorum
1459 2834 1561 2914 (ibid).
1580 2859 1595 2890 n
1611 2838 1640 2896 N
1645 2836 1865 2915 unquidjuxta

160 2918 366 2998 opprobrium
382 2915 508 2974 illorum
523 2914 664 2973 ascendit
679 2913 799 2991 vulpes,
816 2918 845 2972 et
863 2912 1032 2973 transilivit
1048 2932 1186 2985 murum,
1205 2920 1235 2975 ct
1248 2915 1333 2992 quod
1349 2925 1511 2994 sperantes
1526 2917 1556 2975 in
1572 2916 1705 2977 Domino
1729 2919 1865 2978 adifica-

160 2998 295 3059 verunt?
311 2998 376 3056 lmo
392 3011 576 3055 conversum
593 3000 640 3053 est
650 2993 856 3072 opprobrium
873 2994 904 3052 in
920 2999 1014 3071 caput
1031 3010 1141 3053 eorum
1165 3016 1178 3051 u
1192 2999 1224 3054 et
1240 3014 1354 3074 magna
1370 2997 1429 3055 erit
1444 2996 1545 3074 gloria
1574 2996 1708 3058 civitatis
1732 2998 1781 3059 vel
1806 2999 1865 3060 do·

160 3097 229 3138 mus
245 3077 334 3136 istius
350 3073 540 3143 novissime,
559 3073 725 3151 plusquam
743 3073 865 3150 primae,
881 3073 958 3132 dicit
974 3075 1125 3134 Dominus
1138 3075 1346 3137 exercituum.
1364 3077 1448 3137 Elin
1466 3079 1535 3137 loeo
1551 3077 1610 3137 isto
1627 3077 1711 3138 dabo
1739 3097 1861 3158 pacem,

159 3158 236 3218 dicit
250 3156 402 3216 Dominus
417 3154 609 3213 exercituum
626 3153 719 3232 (rigg.
736 3151 770 3231 r).
789 3174 803 3207 n
821 3152 909 3214 Unde
925 3152 1016 3214 nobis
1030 3173 1087 3215 suo
1108 3153 1176 3216 loco
1203 3155 1327 3235 plenius
1350 3156 1409 3216 erit
1434 3155 1620 3217 dicendum:
1648 3161 1725 3219 Fere
1749 3160 1865 3221 similia

159 3237 382 3313 coritingeiunt
397 3234 451 3304 eis,
469 3233 649 3312 quicunque
664 3234 749 3293 iideli
765 3233 1212 3312 studiosupersediiicaverunt
1235 3238 1320 3314 quod
1343 3246 1526 3313 potuerunt,
1552 3256 1647 3316 super
1676 3240 1864 3301 tundamen-

162 3315 460 3395 tumepostolorum
476 3314 762 3392 etpropbetarum‚
791 3315 865 3392 quia
889 3316 964 3374 dum
991 3315 1141 3390 viverent,
1168 3316 1243 3376 dum
1274 3317 1477 3387 aedilicarent,
1509 3318 1680 3396 opprobria
1708 3320 1747 3380 de
1768 3322 1864 3381 nullis

160 3397 386 3468 sustinuerunt,
405 3394 458 3456 sed
474 3394 511 3454 de
528 3395 575 3453 bis
591 3395 645 3473 qui
661 3394 896 3473 exprobrabant
910 3395 1146 3468 decedentibus,
1162 3396 1304 3475 ipsorum
1322 3405 1482 3476 permanet
1499 3399 1678 3460 aedificium.
1696 3400 1771 3471 Ome
1788 3401 1864 3463 hac-

160 3489 252 3540 tenus
267 3477 449 3548 dictasunt,
463 3475 532 3553 jam
548 3475 689 3535 calamus
703 3475 863 3554 scriptoris
878 3495 977 3554 usque
992 3476 1032 3536 ad
1055 3476 1197 3538 ultimam
1223 3479 1286 3538 iere
1310 3479 1535 3539 dictiunculam
1561 3480 1798 3558 perscripserat,
1830 3490 1863 3543 et

162 3578 233 3620 cum
249 3576 321 3618 ecce
335 3557 398 3616 duo
414 3557 525 3616 iratres
541 3556 777 3628 llelmuvardes,
791 3557 937 3617 Bosensis
950 3556 1085 3618 coenobii
1101 3560 1367 3636 supervenientes,
1389 3559 1514 3620 brevem
1545 3569 1752 3638 porrexerunt
1777 3562 1863 3641 epis-

163 3640 261 3700 tolam
278 3656 348 3718 quas
365 3637 411 3698 vel
427 3637 493 3698 sola
509 3637 585 3696 mibi
599 3636 765 3715 suffragari
781 3637 889 3716 possit,
908 3656 946 3696 ne
961 3637 1031 3716 quis
1045 3639 1162 3718 scripta
1176 3658 1245 3699 mea
1260 3639 1377 3717 legens,
1396 3641 1495 3718 magis
1510 3641 1540 3700 in
1559 3660 1607 3700 me
1623 3649 1749 3702 accuset
1778 3661 1861 3722 prae·

157 3719 368 3798 sumptionem
384 3719 477 3778 nimis
491 3717 678 3789 ultroneam,
695 3736 791 3796 quam
806 3719 890 3778 circa
905 3718 1033 3778 verbum
1051 3719 1116 3792 Dei,
1133 3738 1188 3797 per
1202 3720 1286 3798 quod
1303 3720 1376 3779 iacti
1391 3726 1421 3780 et
1433 3721 1538 3781 reiecti
1551 3739 1670 3788 sumus,
1683 3721 1860 3784 studiosam

158 3802 334 3862 consideret
348 3798 612 3861 benevolentiam.
630 3797 680 3857 nit
693 3799 778 3858 enim
794 3798 876 3858 inter
890 3804 1003 3859 caetera
1018 3800 1153 3877 scriptor
1168 3800 1320 3878 epistolae,
1336 3800 1421 3879 prior
1442 3801 1583 3880 ipsorum
1608 3801 1710 3862 scriba
1733 3803 1859 3877 doctus,

157 3890 188 3943 et
203 3898 363 3943 sacrarum
378 3880 611 3958 Scripturarum
627 3876 728 3938 tidelis
743 3877 901 3957 alumnus,
918 3879 1043 3939 nomine
1058 3880 1292 3958 Reginbnrdus,
1308 3882 1346 3940 de
1362 3899 1425 3960 quo
1441 3899 1504 3941 non
1519 3881 1629 3942 dubito
1660 3885 1744 3961 quod
1771 3884 1861 3962 prio-

158 3981 228 4023 rum
244 3981 297 4022 sax
314 3961 539 4040 prophetarum
555 3956 749 4035 exemplare
770 3963 811 4031 te,
838 3959 887 4018 cui
912 3958 1158 4030 transmiseram,
1185 3961 1279 4020 luerit
1302 3969 1499 4022 consecutus.
1524 3963 1584 4023 Sed
1610 3963 1715 4034 debes,
1743 3964 1859 4043 inquit,

154 4043 259 4102 adbuc
274 4039 387 4107 amori,
403 4039 498 4100 debes
513 4038 626 4100 honori
640 4046 671 4098 et
685 4038 835 4116 obsequio
851 4038 967 4108 dilecti,
985 4057 1040 4117 per
1053 4039 1157 4118 ipsum
1172 4049 1277 4100 autem
1293 4049 1324 4101 et
1335 4048 1463 4120 propter
1477 4045 1580 4121 ipsum
1597 4050 1702 4104 nostro
1736 4043 1863 4105 deside-

155 4122 215 4194 rio,
233 4128 266 4181 ut
281 4121 376 4180 verba
391 4119 453 4179 oris
469 4121 535 4196 ejus
550 4120 631 4180 sicut
645 4118 768 4197 caepisti
783 4137 881 4196 usque
896 4120 935 4178 ad
952 4121 1046 4180 linem
1069 4122 1203 4198 aperias,
1230 4140 1268 4181 ne
1292 4121 1319 4181 si
1342 4129 1472 4201 propter
1496 4123 1715 4184 difficultatem
1746 4143 1857 4185 eorum

157 4202 293 4281 tepidius
308 4202 388 4261 forte
403 4200 501 4260 secuti
517 4218 578 4258 non
595 4199 717 4260 fortiter
735 4222 749 4258 c
764 4198 996 4260 cucurrerimus
1010 4200 1042 4260 in
1057 4201 1187 4260 odorem
1208 4211 1440 4280 unguentorum
1468 4203 1536 4282 ejus
1560 4203 1661 4282 (Dant.
1689 4205 1724 4283 1),
1752 4228 1768 4260 »
1805 4206 1862 4266 tibi

157 4283 341 4361 imputetur,
359 4280 413 4360 qui
428 4278 626 4340 introductus
640 4279 670 4339 in
688 4279 815 4340 cellaria
830 4281 922 4359 regis,
938 4280 1104 4341 occultasti
1120 4281 1244 4342 divitias
1256 4283 1374 4360 sponsi,
1392 4302 1470 4361 quas
1499 4284 1542 4344 ibi
1566 4284 1771 4363 conspexisti.
1800 4288 1863 4347 Ex·

154 4363 371 4442 planationem
386 4361 456 4421 dico
472 4359 636 4420 duodecim
655 4360 892 4437 prophetarum,
910 4360 1000 4438 cujus
1016 4368 1137 4440 partem
1148 4361 1327 4440 jandudum
1345 4369 1432 4424 tanta
1449 4365 1616 4443 perscripsi
1632 4365 1796 4438 aviditate,
1827 4372 1864 4426 ut

156 4444 280 4504 viderer
294 4461 378 4502 nunc
394 4442 530 4519 primum
548 4439 603 4499 tali
620 4457 668 4498 me
686 4439 789 4499 studio
806 4444 1011 4521 mancipasse.
1026 4445 1150 4510 Quanto
1180 4444 1280 4521 magis
1303 4451 1409 4504 autem
1433 4444 1464 4504 in
1490 4451 1578 4523 parte
1603 4445 1753 4519 delector,
1772 4454 1861 4507 tanto

155 4523 372 4584 vehementius
387 4523 418 4582 in
434 4520 698 4598 exspectationem
717 4520 811 4580 totius
827 4528 978 4582 exaestuo.
995 4523 1069 4583 llaec
1084 4522 1137 4583 ille
1153 4542 1246 4601 quem
1264 4523 1406 4602 praedixi.
1423 4528 1525 4586 Taceo
1550 4524 1588 4585 de
1612 4525 1667 4586 illo
1691 4527 1860 4600 monitore,

155 4609 186 4666 et
200 4623 279 4684 pene
295 4610 488 4683 praeceptore
505 4618 574 4661 meo
590 4599 819 4677 sigebergensi,
837 4602 890 4679 qui
907 4621 955 4663 me
971 4607 1184 4676 cunctantem,
1201 4605 1239 4664 de
1255 4605 1348 4664 solita
1363 4605 1577 4666 admonitione
1594 4624 1705 4685 parum
1722 4606 1860 4684 prolicit,

154 4686 280 4764 gravius
294 4685 384 4763 quasi
400 4681 592 4742 ludibundus
607 4681 743 4760 impulit.
760 4682 907 4760 lmperio,
927 4682 983 4755 ait,
999 4683 1134 4762 Spiritus
1149 4685 1250 4744 sancti
1265 4685 1417 4765 praecipio
1432 4685 1499 4746 tibi.
1517 4687 1627 4764 ltaque
1654 4688 1804 4765 quoniam
1831 4695 1863 4749 et

152 4766 220 4846 ipse
235 4765 367 4826 dilectus
380 4763 477 4823 dicit:
498 4786 513 4818 u
526 4765 600 4830 Quas
616 4760 741 4822 babitus
764 4761 797 4820 iu
822 4761 934 4839 bortis,
960 4762 1054 4823 amici
1079 4765 1258 4825 auscultant
1286 4771 1329 4835 te,
1353 4767 1403 4826 lac
1429 4785 1478 4827 me
1503 4767 1611 4827 audire
1636 4785 1744 4828 vocem
1770 4774 1860 4829 tuam

154 4846 257 4927 (Cant.
273 4844 344 4922 vui)
359 4868 389 4917 a,
406 4843 462 4905 tibi
478 4848 509 4903 et
532 4843 652 4902 caeteris
677 4841 886 4902 monitoribus
911 4848 1062 4921 tanquam
1088 4844 1198 4905 amicis
1222 4844 1329 4906 dilecti
1352 4847 1605 4908 auscultantibus
1633 4847 1862 4928 obtemperans

150 4926 322 5002 ingrediar,
337 4930 368 4986 et
382 4924 464 4985 hanc
481 4929 601 5003 partem
618 4921 766 5002 profundi
782 4923 878 4983 totius
893 4923 1103 5003 navigationis
1118 4943 1243 4986 cursum
1258 4932 1366 4987 sancto
1383 4928 1584 4988 committens
1600 4927 1744 5007 Spiritui.

596 5120 699 5190 ’δ’
733 5113 798 5207 ΙΝ
832 5111 1007 5207 NAUM
1045 5115 1423 5210 PROPHDTAM

423 5264 1023 5335 uouuuurnaioaou
1087 5263 1259 5336 staua
1325 5269 1581 5338 paruae.

186 5412 252 5469 Car.
269 5411 290 5466 l.
307 5440 341 5452 -
357 5410 431 5467 Onus
448 5407 564 5465 Ninive:
582 5406 654 5461 liber
667 5405 782 5462 ursionis
797 5410 890 5464 Naum
918 5408 976 5463 llel-
990 5410 1017 5477 Α
1032 5424 1151 5465 eausam
1167 5410 1303 5483 lquibus
1319 5409 1413 5483 culpis
1430 5412 1663 5483 precedentibus
1685 5414 1864 5471 commeruit

149 5494 979 5571 eliseaeidrametinrtignatiouem,tribulationemetangu·
1033 5496 1134 5555 Ninive
1164 5504 1196 5555 ut
1222 5501 1296 5555 iram
1324 5499 1501 5558 declamaret
1529 5500 1714 5573 superiltam
1732 5500 1862 5573 spiritus

150 5592 346 5663 stiam‚quam
356 5584 976 5662 etapostolusdeclamatinomncmanimam
1031 5587 1221 5661 propheticus
1236 5590 1349 5662 absque
1363 5589 1425 5647 ulls
1438 5590 1693 5648 commiseratione
1707 5589 1821 5661 iNam,
1834 5593 1862 5650 si

149 5677 439 5753 bominiscpsrantis
454 5674 976 5748 matumruom.11),o0nunriuonusa
1031 5681 1122 5736 totum
1137 5694 1213 5737 onus
1228 5676 1283 5736 rite
1295 5680 1470 5753 perpendas,
1485 5678 1511 5739 si
1538 5685 1633 5739 totum
1660 5684 1773 5738 textum
1788 5697 1861 5756 pro·

148 5784 279 5842 superne
294 5768 446 5840 maiestate
460 5764 682 5840 supcrpositam
700 5761 813 5822 Ninive.
828 5765 923 5830 Quam
937 5764 975 5823 ob
1028 5765 1134 5839 phettae
1147 5767 1306 5844 diligenter
1324 5769 1503 5841 consideres,
1519 5785 1578 5828 non
1594 5769 1863 5831 commiserescens
