3826 6014
649 254 822 323 RUPERTI
842 247 1010 316 lunaris
1031 246 1255 311 'iUll'lENSis
1753 246 1809 308 984

98 256 158 322 983

100 392 290 448 subinferant
308 414 323 442 «
339 391 370 449 si
385 392 564 464 coeperimus,
585 414 596 445 s
612 393 715 464 inquit,
731 415 744 442 a
763 390 849 462 toqui,
868 410 881 437 e
897 388 923 442 iri
938 387 964 453 Α
980 390 1082 438 cuncta
1099 381 1208 436 riaidus
1222 379 1338 451 liliphaz
1363 379 1445 451 quasi
1456 379 1521 450 jure
1546 379 1683 436 damnata
1698 378 1810 437 denun-

101 484 156 545 est,
169 494 268 536 causas
282 480 333 536 tibi
349 481 501 537 ostendere
516 486 570 536 tue
591 480 793 553 percussionis,
810 500 824 528 a
840 474 924 532 iorsl·
976 472 1035 539 tiat,
1048 474 1076 527 et
1087 469 1309 527 exsultationem
1336 467 1542 526 dominationis
1556 470 1601 526 sic
1625 469 1806 540 ingeminat:

103 576 149 624 tan
165 567 293 637 moleste,
312 591 322 619 ι
340 569 367 624 iti
382 577 425 626 est
439 571 634 641 impatienter,
649 593 664 621 a
676 569 807 641 reciptes.
825 589 839 616 «
858 564 923 632 Sed,
1010 560 1095 616 Vnae.
1113 557 1154 615 11.
1171 581 1231 609 -«
1248 559 1341 630 Tigris
1355 558 1448 629 periit,
1466 580 1481 609 a
1496 558 1525 614 id
1539 566 1594 625 est,
1605 559 1732 615 varietas
1757 567 1807 614 tue

101 672 262 729 quanquam
283 657 324 714 ita
339 659 387 726 sit,
407 677 418 707 a
441 665 613 732 conceptum
629 674 790 717 sermonem
819 652 925 712 tenerit
975 648 1168 705 simulationis
1180 648 1319 705 exstincta
1330 656 1383 705 εει.
1395 648 1488 720 Tigris
1500 648 1578 705 enim
1591 646 1806 719 animalasper·

101 746 165 818 quis
180 747 272 817 possit
288 749 436 822 [poterit]‘i
453 750 603 807 »subaudi
620 749 804 806 potiusnon
829 761 861 801 ex
879 742 925 798 sni
975 755 1038 795 sum
1055 738 1200 806 mosontio,
1219 741 1332 794 beatum
1344 738 1399 794 lob
1415 747 1483 795 nota
1507 737 1653 794 varietatis
1669 737 1718 795 hie
1735 738 1805 799 desi·

101 835 296 905 experimento
316 837 437 912 colligit,
465 840 540 909 quod
560 840 710 910 desperate
733 838 767 893 de
791 832 925 891 omnibus
975 837 1051 902 goat.
1070 829 1200 900 «Tigris,
1218 829 1380 901 uinquam,
1405 851 1419 880 a
1434 829 1515 898 periit
1530 844 1563 885 eo
1580 828 1656 901 qnod
1673 844 1735 885 non
1752 829 1802 884 ha·

101 924 198 980 sentit.
215 925 268 981 Sed
286 925 721 1000 vitiosaratiocstquorumdam
735 926 835 982 vitium
847 938 925 979 oom-
976 919 1054 976 beret
1069 921 1205 989 praedam,
1223 940 1238 969 »
1253 918 1281 974 id
1308 926 1360 989 est,
1388 918 1546 990 hypocrisis
1576 927 1625 974 tna
1642 917 1756 989 delinit,
1771 935 1803 976 co

101 1030 190 1072 mune
204 1015 296 1074 lacere
312 1019 452 1074 omnium.
976 1009 1050 1081 quod
1065 1008 1159 1064 ablato
1173 1014 1215 1065 est
1229 1008 1357 1065 adulatio
1372 1007 1474 1065 landis.
1491 1009 1523 1064 ln
1546 1008 1736 1079 Septuaginta
1750 1023 1805 1065 non

137 1121 217 1180 pm·
234 1124 260 1180 3·
277 1155 311 1165 -
326 1147 337 1175 ,
355 1125 438 1191 Ecce,
455 1144 467 1177 ,
492 1125 596 1198 inquit,
614 1148 628 1177 α
644 1123 767 1182 docuisti
783 1121 924 1194 plurimos
976 1098 1066 1170 tigris,
1083 1098 1130 1154 sed
1146 1097 1354 1168 myrmicoleon
1379 1098 1515 1170 scripturn
1536 1108 1591 1166 εει,
1606 1100 1681 1169 qood
1709 1099 1805 1155 Latine

101 1211 228 1283 [mutos],
244 1234 258 1264 »
271 1217 327 1270 etc.
343 1216 383 1270 hc
407 1214 539 1272 sidicat:
564 1215 637 1272 Ecce
652 1214 740 1272 claret
756 1209 846 1283 qualis
861 1210 924 1264 rite
976 1187 1081 1245 ‘filiius
1095 1189 1276 1258 mmmmm
1293 1186 1346 1255 ἴδοι
1361 1186 1497 1285 ιθῙιθθΓῑθ
1519 1187 1637 1260 imm
1652 1194 1681 1244 ‘i
1697 1187 1750 1246 ²⁶⁰·
1767 1188 1798 1244 ΕΙ

100 1317 161 1358 em,
176 1304 224 1374 qui
242 1303 314 1360 ,ppos
328 1305 459 1361 docebas·
475 1327 489 1356 st
507 1305 635 1364 Doctum
655 1305 804 1378 plurimos.
822 1324 835 1351 „
855 1299 923 1356 sub,
977 1281 1063 1334 recte.
1079 1281 1150 1332 Nam
1166 1276 1331 1333 volatilibus
1343 1277 1460 1334 lormica
1471 1280 1525 1345 est,
1542 1277 1611 1347 ipsis
1625 1284 1724 1334 autem
1749 1277 1802 1334 ior·

100 1393 282 1459 mmmmm
293 1400 321 1452 e,
331 1411 389 1453 non
400 1397 518 1466 faciem,
530 1421 541 1446 ⁸
550 1397 793 1466 mmmm,
804 1417 817 1444 ῃ
830 1393 857 1448 id
868 1398 923 1459 ,δι’
977 1366 1058 1422 micis
1072 1366 1125 1467 leo.
1143 1373 1184 1422 Ac
1199 1367 1223 1421 si
1238 1374 1334 1437 aperte
1350 1367 1523 1468 dicatstton
1536 1366 1642 1436 iniuste
1653 1382 1804 1467 percussus

99 1481 925 1554 mperobonodpficienmsamborum,„subaudipuppe,
976 1472 1103 1527 es,qu1a
1130 1462 1231 1512 eontra
1254 1464 1365 1512 erectos
1391 1458 1517 1525 umidus,
1543 1464 1647 1512 contra
1675 1459 1802 1512 subitatos

100 1574 312 1641 operansnihil.
332 1574 538 1644 evacillantes,
551 1597 564 1625 a
575 1574 605 1631 id
616 1583 668 1645 est,
680 1572 860 1646 propositum
873 1570 920 1624 lir-

101 1676 181 1717 mum
191 1667 397 1732 nontenentes,
408 1687 422 1715 «
431 1664 671 1722 confirmaverunt
680 1677 827 1720 sermones
845 1660 896 1725 tui,
909 1677 924 1708 a

100 1752 128 1807 id
144 1759 185 1808 εει
195 1753 539 1824 admonitionestuae,·et
546 1752 813 1828 genuatrementia,
831 1749 922 1805 asub·
939 1758 963 1825 Β

99 1840 165 1897 audi
179 1841 301 1898 arduum
316 1843 369 1899 iter
383 1844 508 1914 aggredi,
524 1866 538 1894 «
554 1841 734 1900 contortasti.
752 1864 766 1891 a

135 1949 216 2007 Vaas.
232 1951 260 2005 5.
277 1979 311 1991 -
327 1971 342 2001 a
359 1949 440 2007 Nunc
459 1959 554 2006 autem
570 1950 646 2007 reuit
660 1965 746 2021 super
762 1956 788 2005 te
805 1947 925 2019 plagast

98 2039 238 2105 deiecisti,
255 2061 269 2088 ι»
286 2039 313 2094 id
329 2042 381 2105 est,
398 2041 448 2095 sed
473 2055 552 2095 nunc
576 2039 664 2095 claret
687 2053 773 2109 quam
792 2037 925 2092 intirmus

99 2145 164 2186 eras
179 2129 250 2198 ipsa,
267 2127 315 2199 qui
329 2128 400 2184 alios
430 2128 623 2194 confortabas,
640 2128 671 2184 in
700 2143 733 2185 εο
757 2126 832 2198 quod
848 2147 862 2176 «
877 2140 923 2181 rc·

99 2218 198 2274 niente
213 2216 295 2288 plaga
309 2232 394 2288 super
404 2225 429 2274 tc
442 2217 582 2289 delecisti,
602 2217 655 2274 »in
671 2233 704 2274 eo
717 2218 791 2289 quod
808 2237 820 2269 r
832 2215 925 2286 tetigit

101 2312 128 2364 te
143 2314 171 2364 et
185 2305 372 2363 conturbatus
386 2323 428 2374 es,
443 2329 457 2357 a
474 2307 597 2363 subaudi
614 2307 718 2363 statim.

136 2406 217 2463 Vens.
233 2406 260 2460 6.
279 2437 310 2448 -
326 2429 340 2456 «
358 2407 410 2463 Ubi
424 2414 466 2464 est
481 2406 567 2463 timor
581 2413 657 2473 tuus,
682 2405 819 2463 tortitudo
846 2404 923 2460 m

101 2506 158 2563 tua,
175 2495 311 2566 patientia
326 2502 383 2565 tua,
395 2504 422 2553 et
434 2495 568 2568 perlectis
582 2496 694 2552 viarum
709 2494 846 2552 tuarum?
866 2517 876 2544 ι
895 2493 922 2550 irl

100 2591 153 2653 est,
170 2584 217 2641 ulti
232 2590 276 2641 est
292 2584 344 2641 boc
367 2585 440 2656 quod
466 2585 609 2642 videbaris
634 2602 695 2643 esse
720 2586 878 2651 timoratus,
896 2590 923 2639 ει

98 2675 192 2742 fortis,
208 2677 236 2730 et
250 2674 370 2746 patiens,
386 2682 413 2730 et
430 2675 571 2746 perlectus
582 2674 806 2747 ibenequatuor
824 2673 922 2746 gradi·

97 2764 150 2822 bus
163 2766 251 2821 ritem
263 2765 324 2835 aius
339 2766 671 2822 numerandodistinxit.
682 2764 752 2822 Nam
766 2764 797 2820 in
813 2767 857 2819 ria
872 2762 920 2819 Dei

95 2870 155 2912 non
169 2854 299 2925 audacia,
316 2857 392 2911 sicut
408 2855 437 2910 in
452 2855 498 2910 via
513 2854 622 2923 saeculi,
637 2854 685 2910 sed
702 2854 787 2909 tImor
809 2853 922 2911 lortitu·

96 3047 162 3088 nem
178 3031 282 3102 posuit.
299 3031 408 3102 utputa
424 3029 559 3087 tortitudo
571 3047 629 3087 non
645 3029 699 3085 nisi
713 3030 744 3086 in
754 3031 923 3089 adversitate

97 3122 266 3187 ostenditur,
282 3136 347 3177 mox
361 3129 424 3190 post
437 3121 633 3178 fortitudinem
646 3122 789 3193 patientia,
816 3125 921 3192 etpost
939 3132 963 3197 c

98 3210 269 3282 patientiam
285 3210 397 3265 viarum
420 3209 557 3281 perlectio
580 3211 768 3278 subinfertur,
790 3210 922 3267 videlicet

97 3299 164 3371 quia
173 3298 312 3368 perlectio
327 3299 362 3354 de
378 3297 518 3370 patientia
534 3301 670 3357 nascitur.
694 3299 748 3358 Sed
764 3317 815 3372 par
829 3300 923 3373 hypo·

98 3388 186 3446 crisin
202 3387 318 3445 virtutes
341 3386 406 3444 illas
426 3403 493 3446 eum
514 3388 649 3448 habuisse
672 3389 841 3447 criminatur
855 3405 921 3447 cum

98 3477 246 3550 subjungit
257 3493 267 3533 .·

130 3586 217 3644 Vana.
232 3586 260 3642 7.
278 3616 311 3628 -
325 3608 339 3637 «
366 3585 536 3658 Recordare,
561 3587 691 3656 obsecro,
713 3586 780 3658 quis
796 3601 922 3657 unquam

94 3677 237 3734 innocens
249 3675 342 3746 periit,
354 3683 401 3731 aut
417 3677 532 3746 quando
548 3677 618 3734 recti
633 3675 717 3733 deleti
728 3684 795 3732 sunt
810 3675 824 3730 i
841 3697 851 3724 ι
868 3677 921 3730 Vi·

94 3768 201 3823 tlosurn
213 3767 415 3836 argumentum
434 3765 521 3822 dedit.
538 3766 565 3820 Si
579 3766 657 3822 enim
673 3765 768 3822 nullus
783 3765 923 3821 innocens

92 3855 208 3928 periret,
217 3854 354 3926 propbeta
366 3869 423 3911 non
435 3854 543 3911 diecret
555 3870 561 3909 :
578 3877 592 3906 a
608 3855 921 3926 lustusperit‚atnemo

97 3946 178 4019 [non]
192 3944 295 4016 estqui
312 3943 450 4016 recogitet
472 3944 536 4017 (iso.
553 3945 630 4016 utri).
647 3966 662 3995 a

130 4055 215 4112 teas.
231 4053 258 4118 8,
273 4052 300 4108 9.
318 4083 350 4094 -
366 4075 380 4102 «
398 4053 472 4117 Quin
487 4054 582 4123 pollue
598 4053 658 4110 vidi
672 4068 720 4109 eos
735 4052 785 4124 qui
800 4068 925 4124 operan-

976 1545 1069 1600 audax
1085 1544 1173 1600 luisti.
1189 1544 1296 1614 'lypicc
1310 1552 1404 1601 autern
1421 1544 1466 1601 leo
1480 1545 1639 1616 diabolum,
1657 1545 1750 1603 leena
1764 1545 1803 1601 ci·

977 1634 1093 1690 ritatem
1110 1631 1218 1689 diaboli
1230 1632 1427 1706 Babyloniam,
1439 1634 1526 1691 catuli
1536 1634 1652 1691 leonuni
1666 1633 1804 1706 quoslibet

978 1726 1112 1798 reprobos
1124 1725 1316 1797 malignorum
1329 1727 1480 1797 spirituum
1493 1742 1630 1798 sequaces
1641 1726 1800 1797 designant.

980 1822 1022 1872 ,ιε
1036 1816 1060 1871 si
1072 1824 1167 1886 aperte
1178 1815 1304 1872 haeretiel
1320 1815 1416 1872 dicant
1434 1832 1441 1871 ε
1456 1820 1513 1872 Νοε
1529 1818 1592 1872 ideo
1603 1815 1694 1871 nullis
1709 1815 1802 1887 tingel-

978 1905 1015 1961 lis
1028 1905 1187 1972 atterimur,
1213 1904 1279 1975 quia
1300 1905 1446 1961 diabolum
1471 1912 1499 1962 et
1513 1913 1658 1962 terrenam
1673 1905 1800 1978 gloriani,

979 1994 1800 2066 ornnesquereprobosritaemcritissuperandocalcanrns.

979 2083 1071 2155 Tigris
1084 2097 1198 2154 quoque
1212 2082 1255 2138 ael
1274 2082 1491 2153 myrmicoleon,
1508 2085 1536 2139 id
1549 2091 1601 2154 cst,
1611 2093 1693 2140 vetus
1708 2083 1802 2139 adrer-

979 2173 1084 2237 sarius,
1103 2173 1132 2227 in
1147 2171 1429 2244 nobispraedamnon
1454 2171 1801 2243 habet,qnianostrisstu·

979 2262 1035 2319 diis
1049 2261 1140 2318 victos
1152 2263 1237 2332 jacet.
1255 2263 1319 2319 lieo
1335 2262 1502 2319 insultando
1516 2262 1593 2320 dicta
1605 2270 1684 2319 sunt.
1699 2262 1801 2320 Deinde

980 2350 1025 2408 his
1040 2367 1101 2423 que
1114 2352 1242 2408 dicturus
1256 2355 1312 2419 est,
1324 2354 1510 2409 reverentiam
1521 2353 1649 2425 exigens,
1678 2354 1731 2426 qni
1746 2367 1800 2409 mos

979 2448 1020 2497 est
1036 2441 1244 2499 hereticorum.

1015 2540 1097 2596 Vaas.
1114 2542 1156 2596 12.
1173 2570 1207 2582 -
1221 2561 1236 2591 «
1252 2540 1349 2609 Porro,
1366 2542 1424 2597 »id
1449 2549 1502 2609 εει,
1529 2553 1614 2616 tange
1629 2541 1724 2609 aliter,
1741 2564 1756 2593 ιι
1768 2542 1798 2598 al

978 2645 1024 2685 me
1042 2631 1206 2687 dictumest
1229 2629 1344 2686 verbum
1369 2630 1581 2700 absconditum,
1608 2653 1622 2682 a
1639 2632 1668 2688 id
1683 2638 1800 2688 catsan-

977 2728 1069 2787 ctum,
1086 2720 1271 2790 protundum,
1287 2735 1345 2776 non
1360 2719 1395 2776 dc
1409 2723 1555 2777 communi
1583 2721 1705 2778 scientia
1718 2728 1798 2778 cete·

978 2825 1083 2865 rorum.
1100 2833 1114 2859 «
1132 2809 1165 2866 ut
1181 2810 1262 2881 quasi
1275 2810 1386 2878 lurtire,
1404 2811 1458 2866 »id
1475 2816 1527 2878 εει,
1542 2827 1797 2885 nonpercommu·

978 2898 1023 2953 nis
1046 2897 1208 2954 intellectus
1227 2900 1343 2966 ostium,
1373 2921 1384 2949 ι
1410 2901 1536 2971 suscepit
1559 2901 1638 2957 auris
1655 2917 1729 2971 mea,
1747 2922 1760 2949 a
1775 2900 1796 2955 il

977 2995 1018 3044 est
1033 2986 1221 3059 intelligentia
1232 3003 1306 3055 mee,
1323 3011 1336 3038 α
1347 3004 1443 3058 renas,
1455 3011 1469 3040 a
1483 2989 1511 3045 id
1526 2996 1579 3059 est,
1591 2990 1726 3047 intimum
1738 3006 1797 3046 serr·

977 3093 1039 3133 sura
1057 3076 1206 3142 «susurri,
1223 3099 1236 3127 a
1247 3077 1275 3132 id
1292 3087 1334 3134 est
1352 3078 1457 3135 clausae
1468 3078 1602 3135 dictionis
1617 3100 1632 3132 a
1647 3080 1720 3151 ejus.
1740 3104 1754 3132 a
1770 3082 1797 3138 iit

977 3165 1077 3223 altiora
1093 3166 1186 3223 dicere
1212 3167 1305 3223 nitens
1327 3168 1388 3239 ipse
1412 3167 1467 3225 sibi
1490 3170 1568 3226 testis
1586 3169 1626 3236 lit,
1652 3171 1721 3242 quia
1740 3186 1796 3245 qua

975 3255 1080 3327 prolert
1092 3272 1157 3313 vera
1173 3272 1230 3313 non
1252 3264 1330 3324 sunt,
1347 3258 1568 3329 subjungendo:

1009 3348 1096 3402 Vnae.
1111 3345 1155 3411 ts,
1171 3345 1215 3403 ll.
1232 3378 1265 3388 -
1277 3369 1292 3397 e
1311 3346 1342 3401 ln
1356 3346 1472 3405 horrore
1482 3347 1602 3405 visionis
1614 3358 1795 3407 nocturnas.»

973 3434 1021 3491 Sic
1036 3450 1160 3507 numque
1175 3434 1260 3492 dubie
1275 3437 1412 3506 cernitur,
1427 3437 1542 3508 quando
1565 3439 1637 3495 solet
1652 3455 1741 3512 sopor
1753 3454 1796 3496 oc·

973 3539 1078 3596 cupere
1094 3524 1237 3592 homines,
1253 3525 1302 3581 sed
1320 3524 1412 3592 nobis,
1429 3526 1476 3596 qui
1501 3527 1536 3582 ad
1553 3542 1680 3599 superna
1699 3526 1797 3599 vigila·

974 3631 1037 3672 mus
1055 3615 1177 3671 multum
1192 3614 1351 3672 interiores.
1368 3615 1401 3671 lit
1416 3632 1453 3673 ne
1466 3618 1547 3689 quast
1572 3616 1628 3674 vile
1647 3618 1795 3691 despicias,

973 3722 1069 3778 pavor,
1085 3705 1196 3762 scilieet
1210 3705 1325 3771 mentis,
1338 3705 1430 3762 tenuit
1443 3722 1500 3774 me,
1511 3716 1538 3764 et
1554 3711 1674 3781 tremor,
1689 3709 1796 3767 scilicet

973 3794 1115 3865 eorporis.

1008 3883 1090 3940 Vana.
1109 3883 1151 3942 15.
1167 3914 1202 3925 -
1217 3906 1231 3934 «
1249 3885 1359 3941 Etcum
1374 3885 1508 3957 Spiritus,
1524 3909 1538 3938 u
1557 3887 1668 3945 seilicet
1683 3889 1797 3946 divinus

974 3997 988 4025 «
1015 3990 1059 4030 nte
1083 3978 1234 4045 presente,
1264 3974 1320 4030 ιιι
1346 3987 1399 4046 εει,
1423 3991 1508 4033 sensu
1535 3993 1597 4034 meo
1623 3979 1796 4050 pervidente,

973 4087 987 4114 a
1004 4063 1153 4132 transiret3
1170 4085 1185 4113 »
1200 4094 1235 4104 -
1250 4086 1265 4113 «
1281 4065 1424 4133 transiret,
1440 4087 1455 4117 a
1471 4066 1601 4138 inquam,
1622 4083 1683 4125 non
1705 4077 1797 4134 staret,

95 4150 140 4199 ²¹¹¹
166 4141 356 4213 issiilllilssfflt
383 4142 431 4212 (1¹¹¹
455 4141 598 4199 Sssfflissflssl
624 4141 747 4208 ⁶⁰¹⁰th
779 4163 789 4190 ¹
814 4140 926 4198 ⁸⁰¹¹th
973 4171 1008 4211 ne
1024 4152 1108 4210 lacilc
1130 4153 1335 4223 comprehendi
1362 4157 1487 4224 potuisse
1511 4165 1594 4227 putes
1615 4159 1690 4230 qnod
1710 4160 1797 4216 vienn

95 4248 228 4304 perversa
243 4231 362 4303 agendo,
381 4252 395 4283 a
410 4238 438 4287 et
453 4234 565 4287 metunt
580 4247 638 4298 eos,
655 4255 670 4282 »
699 4231 833 4288 videlicet
856 4232 923 4288 inda
972 4250 1025 4310 est,
1036 4265 1049 4293 a
1058 4243 1264 4299 inhorruerunt
1273 4243 1323 4314 pili
1336 4245 1519 4313 earnismeas,
1529 4268 1543 4296 a
1555 4247 1583 4302 id
1595 4256 1647 4318 est,
1658 4249 1798 4306 maerere

96 4321 291 4393 ¹01¹¹i³⁰rimer
317 4319 517 4389 ⁰¹010⁵⁰⁰⁰d02
542 4342 557 4370 a
580 4325 665 4378 ‘¹⁸⁰¹ss
688 4320 746 4378 130⁰
770 4325 889 4392 leiim·
908 4342 922 4372 ι’
971 4332 1107 4391 iuitvisio
1123 4339 1150 4388 ut
1167 4347 1271 4403 corpus
1294 4349 1406 4406 quoque
1429 4334 1528 4392 divino
1556 4336 1708 4409 palpitaret
1730 4339 1796 4396 hor·

28 4472 37 4481 ,
96 4411 391 4483 Appellationallatus
413 4408 510 4465 anima
538 4409 735 4467 adversionem
755 4410 806 4466 Dei
829 4410 924 4467 voluit
973 4420 1566 4496 “prememoratamhorroppupjungp,

94 4500 266 4573 exprimere,
280 4496 415 4555 videlicet
439 4497 474 4552 ad
506 4497 726 4555 similitudinem
748 4499 848 4565 nostri,
871 4497 919 4569 qui
935 4507 958 4573 Ι)
1010 4521 1091 4579 pm·
1108 4520 1151 4577 pp,
1168 4551 1203 4563 -
1218 4542 1233 4571 ,,
1246 4520 1331 4578 saepit
1342 4523 1468 4594 quidam,
1483 4546 1497 4575 ,
1514 4524 1619 4597 inquii,
1633 4527 1797 4585 septimun.

95 4606 162 4649 cum
174 4589 336 4656 irascimur,
352 4590 419 4641 natu
438 4586 539 4642 luroris
555 4587 777 4644 inflammamur.
793 4588 862 4643 Nam
874 4603 919 4644 se·
973 4610 1140 4676 pippinum,
1158 4632 1172 4660 „
1187 4611 1269 4682 cuju,
1285 4626 1344 4668 „011
1369 4613 1562 4685 agnoscebam
1582 4616 1708 4687 pulpum,
1728 4641 1739 4668 ,
1758 4624 1797 4673 up.

96 4679 192 4753 quitur
206 4691 352 4748 exponens
367 4675 436 4745 quid
451 4675 555 4732 dixerit
569 4690 576 4732 :
591 4699 605 4726 «
622 4676 656 4731 ut
677 4678 778 4747 spiritu
793 4676 842 4732 ire
858 4677 919 4747 ejus
974 4701 1095 4774 poloqui
1111 4719 1168 4759 Μ,
1185 4709 1243 4759 emp
1259 4703 1294 4758 d,
1309 4712 1383 4760 coepu
1402 4707 1577 4763 morlanum·
1592 4730 1606 4757 u
1618 4708 1712 4776 spem,
1731 4733 1742 4760 ‚
1762 4709 1799 4764 pn,

97 4770 399 4835 esseeonsumptos.a
416 4764 514 4822 Sedet
545 4766 599 4823 boo
620 4766 752 4823 vitiosum
777 4771 828 4824 εει.
847 4766 920 4824 Nam
973 4808 1069 4864 quam,
1087 4814 1101 4841 „
1115 4792 1362 4863 pm330„,scipjcep
1373 4794 1497 4852 homini,
1507 4796 1693 4869 potiusquam
1706 4799 1797 4865 homo,

97 4857 167 4912 tales
183 4854 350 4925 plerumque
365 4854 412 4910 diu
429 4855 585 4912 subsistere
600 4865 626 4912 ει
655 4856 751 4913 felices
776 4871 837 4912 esse
853 4872 920 4926 per·
975 4905 989 4932 α
1006 4897 1101 4939 comm
1116 4879 1207 4938 oculi,
1223 4882 1289 4949 mei,
1307 4905 1320 4932 „
1336 4890 1363 4939 ep
1377 4884 1472 4940 adhuc
1489 4901 1525 4942 n,
1541 4887 1689 4944 mmmm
1701 4905 1797 4960 quem,

97 4944 260 5011 mittuntur,
276 4950 303 4999 et
319 4964 333 4993 ι
348 4942 380 4999 lo
396 4942 491 5001 labore
508 4944 656 5001 hominurn
667 4952 808 5014 nonsunt,
821 4953 920 5002 etcum
975 4971 1050 5044 piam
1064 4970 1150 5027 fuisse
1166 4979 1257 5041 putea,
1276 4992 1290 5022 ι(
1311 4988 1408 5030 rocem
1434 4996 1448 5025 a
1473 4991 1531 5032 non
1557 4976 1647 5034 craesi
1671 4979 1797 5050 corporis

976 5061 1026 5118 sed
1042 5084 1056 5111 «
1072 5059 1154 5132 quasi
1169 5075 1244 5116 aura
1259 5060 1343 5128 lenis,
1360 5063 1466 5120 audiri.
1483 5085 1495 5117 a
1511 5064 1588 5121 Talis
1607 5069 1726 5139 quidem
1743 5070 1797 5126 he·

976 5151 1128 5208 salicorum
1143 5151 1308 5222 arrogantia
1318 5160 1370 5220 est,
1383 5160 1413 5207 ot
1427 5153 1462 5209 de
1486 5170 1516 5210 se
1538 5155 1671 5224 jactitent
1682 5157 1745 5215 hae
1758 5157 1798 5214 vel

97 5031 263 5089 hominibus
282 5048 340 5089 non
365 5032 545 5104 flagellantur
570 5034 665 5106 (Psnl.
685 5036 783 5091 castil.
809 5035 921 5091 sPost·

97 5139 182 5196 qnam
197 5123 275 5193 quasi
291 5123 448 5181 clementer
463 5126 624 5196 admonuit,
635 5127 694 5198 jam
709 5134 805 5198 aperta
825 5125 920 5183 incre·

97 5221 213 5286 P³¹¹⁰¹¹⁰
227 5212 395 5285 Sibllssilli²
977 5237 1145 5298 bissimilia.
1159 5240 1214 5295 Sed
1227 5238 1291 5310 quia
1314 5240 1375 5298 hnc
1395 5241 1426 5298 ln
1438 5241 1545 5300 sanctis
1559 5243 1629 5300 viris
1641 5245 1672 5301 in
1684 5247 1799 5302 veritate

134 5320 215 5378 Vnas.
229 5321 272 5378 10.
290 5351 323 5363 -
341 5341 353 5373 ι
380 5320 497 5392 lingitus
522 5322 625 5390 lconis,
650 5344 664 5372 u
688 5323 716 5379 id
732 5330 774 5380 εει
784 5324 920 5382 severitas
977 5327 1061 5398 liunt,
1075 5330 1173 5386 eadem
1185 5328 1799 5394 dictasubtilinsdisserendasnnt.Verbutu

98 5414 159 5478 tua,
175 5434 189 5463 «
206 5419 231 5468 ει
248 5427 302 5468 vox
317 5410 424 5480 laenas,
451 5432 466 5460 »
490 5410 518 5466 id
543 5420 584 5468 εει
606 5409 767 5482 loquacitas
793 5414 922 5486 conjugis
976 5418 1186 5485 absconditum,
1204 5426 1264 5474 turn
1279 5417 1434 5476 electorum
1447 5421 1592 5479 mantibus
1606 5421 1723 5494 dicitur,
1734 5442 1800 5484 con

99 5509 166 5571 ture,
182 5524 197 5552 «
213 5508 240 5558 ει
250 5502 349 5558 dentes
364 5499 525 5557 catulorum
549 5501 663 5558 leonum
680 5503 797 5560 contriti
812 5513 889 5576 sunt,
907 5528 921 5558 e
977 5513 1101 5581 potestas
1124 5508 1264 5581 unigeniti
1289 5508 1354 5564 Filii
1374 5509 1436 5578 Dei,
1462 5512 1800 5591 potestatemquae

100 5591 130 5647 id
145 5598 187 5648 est
202 5594 301 5649 edaces
314 5589 367 5648 tilii
377 5590 418 5647 tui
428 5590 613 5650 convivantes
626 5590 844 5651 exstinctisuot.
855 5597 922 5662 ona
976 5597 1176 5655 absconditum
1191 5601 1252 5655 erat
1262 5597 1293 5655 in
1308 5598 1643 5673 principle,apuuneum
1658 5606 1753 5679 tinea.
1768 5607 1801 5682 a),
