3826 6014
157 221 234 295 iei⁴
522 226 529 249 ··
698 219 870 284 auraici
892 216 1057 282 inieris
1079 216 1298 284 aniciensis
1553 234 1562 283 ·‚
1675 174 1679 178 Δ
1802 174 1912 283 iae¹

160 366 242 429 sunt,
255 359 355 429 llario,
368 359 462 416 Moses
474 361 503 415 et
517 359 624 427 Aaron,
640 360 668 414 et
680 361 819 415 contracto
833 357 983 412 estaminia
996 356 1023 423 Α
1048 353 1178 426 requirat
1192 359 1222 412 et
1236 353 1383 412 custodiat
1395 352 1490 428 legem
1505 357 1533 411 et
1543 350 1773 426 Juetiiloatiouas
1791 352 1865 425 ejus.
1908 382 1912 421 ι

161 469 225 510 mea
237 453 268 508 ιιι
281 450 332 521 eis,
348 450 377 505 id
389 453 433 506 est
448 448 542 505 iratus
557 464 624 505 eum
635 447 732 516 ais,itu
747 451 780 503 ut
791 447 987 518 adjudicarem
1041 443 1074 499 Et
1089 445 1230 516 quoniam
1249 461 1319 516 grex
1343 442 1495 500 rationalis
1519 443 1644 500 liberum
1670 442 1762 500 babet
1785 443 1862 500 arbi·

161 541 228 600 illos
239 539 385 598 sententia
398 538 511 594 mortis.
528 538 622 604 Quam
633 537 669 593 ob
683 553 802 593 causam
816 535 829 592 ι
843 536 988 608 Siquidem
1040 532 1142 599 trium,
1158 540 1187 589 et
1203 540 1302 606 pastor
1317 533 1373 590 iste
1394 532 1556 589 mercedem
1580 548 1639 588 uon
1663 539 1796 589 coactam
1812 532 1861 590 de·

159 630 364 689 cainaeorum
380 630 503 685 uariauit
518 630 548 683 in
563 644 615 694 me,
630 627 659 682 id
676 624 988 700 estnonperiacta‚vel
1041 623 1148 679 siderei
1164 624 1214 679 sed
1231 629 1436 697 spontaneam,
1454 621 1574 695 pulobre
1598 622 1694 678 dixit:
1719 623 1751 681 Si
1767 623 1860 680 bonum
1910 660 1912 671 ·

161 721 302 779 continua
316 720 476 776 dilectione
490 718 727 790 giorilleaierunt
743 716 990 785 me,subaoditur
1041 721 1081 769 cit
1097 714 1126 768 im
1151 712 1237 769 omitia
1261 715 1369 781 vestris,
1401 713 1507 786 afferte,
1532 716 1559 768 et
1581 712 1606 769 ii
1632 728 1699 779 aon,
1724 712 1861 785 quiescite.

163 811 199 869 ad
215 826 307 883 aquae
324 807 575 866 contradictionis.
603 805 738 878 Dixitque
754 806 796 863 eis
813 823 820 864 :
850 806 921 874 Quia
935 821 990 862 neri
1041 802 1093 857 Sed
1111 801 1181 873 quid
1198 802 1240 857 iili
1255 801 1269 858 i
1284 801 1404 871 Qualem
1417 800 1580 858 attuleruut
1595 803 1760 859 mercedem
1785 807 1860 859 tauto

164 898 322 959 credidistis
337 898 409 955 milii
424 904 455 954 ut
469 898 682 969 sanctificaretis
697 912 741 952 mc
760 912 852 953 coram
867 894 935 967 filiii
950 896 989 950 li·
1043 891 1231 966 pasturittlit
1247 908 1255 948 :
1269 894 1303 950 ιιι
1317 891 1507 965 appenderunt
1522 895 1678 949 mercedem
1700 910 1793 949 meam
1811 894 1861 948 tri'·

166 991 304 1058 rudimen
319 986 503 1045 introducetis
520 986 699 1057 decoopertis
723 984 879 1043 interram
907 1000 991 1058 quum
1042 981 1121 1052 qinio
1143 983 1280 1054 arqenteis
1306 999 1313 1039 :
1341 982 1413 1038 dixit
1439 980 1571 1038 Dominae
1597 982 1723 1041 admei
1761 983 1862 1052 Proiice

167 1081 235 1138 doio
250 1078 290 1138 eit
305 1078 398 1151 (ilum.
415 1079 470 1149 xx).
488 1074 659 1145 Sciendum,
677 1078 709 1131 ut
728 1090 819 1148 supra
838 1073 989 1146 jamdixi-
1043 1072 1114 1128 iilud
1128 1071 1342 1128 admemoriam
1356 1071 1485 1128 decorum
1497 1073 1619 1144 pretium
1639 1071 1713 1147 quod
1725 1075 1860 1146 appretia·

169 1167 442 1239 mus,eunctahae
462 1165 548 1222 abeo
570 1164 646 1238 quod
666 1165 729 1221 ait:
760 1165 857 1236 Aperi,
876 1163 991 1232 Libane,
1044 1160 1271 1219 tursumaieis.
1296 1161 1429 1233 Triginta
1459 1167 1616 1235 argenteos
1645 1163 1789 1220 dederunt
1815 1162 1861 1221 Ju-

163 1261 258 1333 portas
272 1262 345 1325 tuce,
362 1270 455 1328 usqua
471 1254 552 1311 adid
579 1252 658 1327 quod
683 1268 774 1325 supra
794 1251 887 1309 dicit:
919 1252 991 1310 Diiui
1044 1251 1098 1308 det
1114 1251 1176 1308 sive
1192 1251 1343 1324 pontifices
1358 1259 1386 1308 et
1402 1252 1540 1309 Phoriaai
1564 1253 1648 1310 luda
1667 1252 1812 1326 proditori
1832 1257 1863 1309 ut

164 1347 240 1405 uerbi
254 1342 597 1416 Deminieupertsruetmd
610 1342 721 1399 ratione
733 1341 894 1413 spertinere
908 1341 990 1413 judi·
1043 1357 1109 1398 eum
1122 1341 1246 1398 traderet
1260 1341 1329 1399 iltis.
1346 1344 1495 1412 Argenteus
1519 1342 1587 1398 illos
1612 1341 1742 1416 appellnt
1765 1358 1862 1399 nierce·

167 1438 204 1495 cii
219 1452 272 1493 sau
289 1433 423 1490 veritatis
441 1433 653 1503 Domini,cujas
676 1433 812 1488 uniueriae
837 1434 893 1489 iiim
921 1434 992 1487 suat
1045 1433 1110 1487 dem
1120 1446 1199 1486 suam
1212 1436 1242 1487 et
1256 1430 1385 1488 decorum
1399 1431 1531 1506 pretium.
1556 1431 1629 1496 Ouia
1658 1431 1745 1495 diuae
1772 1432 1862 1489 verbis

168 1524 363 1584 misericordia
372 1527 399 1580 et
412 1524 513 1580 ueritm
528 1522 614 1594 (Prot.
631 1532 720 1594 xiix),
736 1526 765 1578 et
782 1521 891 1577 ideirco
903 1520 991 1594 perti·
1044 1519 1139 1576 valeat
1153 1521 1293 1594 consequi
1309 1521 1429 1579 madum
1447 1521 1524 1587 lacti,
1541 1521 1602 1578 aive
1617 1520 1788 1592 qualitatem
1805 1528 1861 1578 tan·

169 1615 271 1672 unisse
285 1614 321 1670 ad
338 1628 411 1681 rem,
425 1616 458 1669 ut
470 1629 529 1669 nou
540 1610 687 1669 omitteret
702 1610 799 1668 dicere
810 1611 885 1683 qaod
898 1609 992 1666 succi·
1044 1614 1080 1665 tia
1093 1609 1134 1664 rei
1149 1608 1332 1666 tPostorille
1348 1611 1398 1683 qui
1413 1611 1488 1667 duas
1503 1610 1645 1666 babuerat
1656 1610 1797 1684 virginet
1807 1628 1859 1679 uno

167 1703 362 1777 deritjudicio
373 1701 551 1760 seieroillos
562 1717 679 1774 quoque
695 1705 826 1773 pastores
845 1699 991 1772 ejusmodi
1005 1718 1030 1784 B
1045 1705 1210 1769 contentus,
1226 1699 1347 1758 alteram
1357 1701 1535 1770 abscidebat,
1552 1700 1581 1756 id
1597 1710 1641 1758 eet
1666 1718 1755 1759 unum
1774 1705 1864 1760 lsrae-

167 1809 242 1866 quos
254 1791 377 1849 multum
389 1788 990 1863 dilexittamsiquarasquidoumaliavir·
1045 1788 1118 1846 litici
1134 1790 1233 1863 populi
1248 1805 1366 1864 gregem
1382 1807 1499 1862 curans,
1525 1796 1711 1862 cunctarum,
1731 1793 1861 1865 gentium

166 1899 205 1959 ga
219 1882 329 1948 lecerit,
340 1897 429 1954 quam
441 1881 553 1938 vocavit
563 1880 751 1952 maciemqui
761 1879 792 1936 iu
802 1877 892 1936 aliern
902 1895 990 1951 quam
1045 1888 1103 1936 tam
1118 1879 1242 1936 multum
1259 1895 1375 1953 gregem
1388 1897 1405 1937 a
1419 1897 1489 1937 curo
1506 1897 1560 1936 sua
1574 1881 1723 1952 reJeeerat,
1736 1887 1765 1938 et
1775 1881 1862 1937 isium

167 1972 281 2030 vocavit
293 1970 464 2043 summatum,
481 1968 558 2040 pavit
573 1984 693 2042 gregem,
711 1968 799 2025 idest
817 1968 993 2041 gubernavit
1047 1986 1137 2029 unum
1155 1985 1270 2042 gregem
1286 1976 1363 2026 tanta
1379 1986 1450 2026 cara
1465 1977 1584 2042 tumque
1599 1969 1682 2028 niiris
1706 1971 1814 2037 modia,
1835 1974 1864 2026 ut

169 2058 356 2119 israeliticam
374 2056 432 2113 aire
446 2056 602 2113 iudaicam
618 2062 749 2129 gentem,
765 2056 900 2129 protinus
926 2057 967 2112 oit
983 2073 990 2111 i
1046 2059 1076 2115 iii
1090 2058 1254 2130 seripturis
1268 2059 1407 2133 legimus,
1423 2064 1544 2131 paverat
1560 2067 1660 2133 pastor
1674 2061 1743 2117 talis
1759 2076 1794 2118 ao
1807 2067 1866 2118 tan·

170 2147 301 2208 lltdi'ai:
316 2148 500 2219 dompetram
521 2161 576 2202 voa.
603 2145 682 2214 Quod
703 2147 824 2201 moritur
845 2147 992 2212 moriatur,
1045 2153 1105 2216 tus,
1123 2147 1236 2205 scilicet
1250 2150 1382 2206 omnium
1399 2149 1474 2205 Deus
1492 2155 1521 2205 et
1540 2149 1683 2207 Dominus
1709 2150 1802 2207 bomo
1829 2152 1866 2208 ia·

170 2246 196 2298 et
221 2237 292 2314 qued
313 2236 465 2294 succiditur
493 2238 662 2303 succidatur,
684 2242 711 2292 et
736 2235 840 2308 reliqui
865 2235 993 2293 decorent
1046 2243 1123 2305 ctus,
1140 2238 1391 2311 persemetipsum
1408 2240 1571 2296 mercedem
1597 2255 1681 2296 suam
1706 2240 1867 2312 requisivit,

170 2328 359 2401 unusquisque
372 2325 621 2400 carnemproaimi
641 2326 696 2382 sui.
722 2329 759 2381 ni
783 2325 843 2382 bac
867 2325 991 2383 dicens:
1046 2334 1076 2385 et
1090 2327 1176 2384 talem
1192 2329 1356 2385 mercedem
1369 2330 1575 2402 appenderunt
1597 2330 1634 2399 ei,
1658 2329 1798 2389 videlicet
1818 2331 1866 2388 tii·

174 2418 245 2486 Tati,
264 2417 316 2486 ait,
340 2417 449 2486 uirqam
471 2431 569 2484 meam,
595 2429 659 2490 quea
681 2416 831 2472 vocabatur
856 2414 947 2482 decue,
966 2419 995 2472 ei
1047 2418 1129 2491 ginta
1143 2425 1297 2491 argenteos
1312 2420 1341 2474 in
1362 2419 1488 2491 pretium
1516 2418 1670 2493 sanguinis
1695 2422 1762 2492 ejus
1788 2421 1868 2479 dede·

172 2506 282 2567 abscidi
294 2523 366 2576 eam,
384 2511 414 2562 ut
428 2506 541 2563 irritum
556 2508 675 2578 [acerem
688 2504 779 2576 toedui
792 2520 895 2576 nieiim,
920 2505 995 2579 quod
1047 2513 1117 2563 ruat
1131 2507 1282 2579 proditori.
1300 2507 1334 2564 lli
1356 2507 1409 2564 boo
1436 2508 1566 2580 appellat
1593 2512 1723 2566 decorum
1747 2511 1870 2581 pretium

171 2598 296 2674 percussi
307 2614 370 2655 cum
385 2598 512 2656 omnibus
525 2597 646 2670 populis,
661 2601 688 2654 rt
711 2595 826 2652 irritum
847 2596 996 2653 deductum
1048 2595 1186 2653 nimirum
1203 2613 1270 2653 cuni
1285 2596 1380 2653 ironia
1394 2598 1581 2671 gravissima,
1592 2598 1661 2671 quia
1675 2614 1731 2655 aon
1744 2597 1801 2654 luit
1817 2599 1871 2655 de·

172 2700 211 2749 eit
226 2689 258 2747 iii
271 2689 317 2747 die
331 2689 394 2746 itta.
420 2693 529 2759 Unum,
557 2689 664 2761 iuquit,
684 2704 797 2760 qreqem
812 2688 890 2761 pavi,
905 2685 935 2742 id
950 2689 996 2742 est
1048 2701 1160 2759 cqrnm.
1174 2686 1245 2753 Quis
1255 2703 1324 2759 erga
1340 2703 1400 2743 rem
1412 2687 1614 2758 hujuscemodi
1625 2688 1696 2745 eatis
1705 2689 1873 2761 appendere

178 2796 267 2838 uuam
285 2784 402 2854 gentem
419 2780 577 2853 regendam
593 2779 733 2850 suscepi;
764 2778 877 2834 ceteris
895 2779 995 2832 autem
1048 2775 1445 2849 veldignevaieateloquit
1467 2776 1541 2833 Vere
1569 2776 1670 2834 nullus
1699 2776 1756 2834 uisi
1786 2777 1870 2835 eolus

176 2870 454 2945 gentibus,dicendo
467 2885 476 2926 :
490 2871 554 2925 lton
566 2883 679 2941 pascam
696 2883 750 2935 uos,
762 2865 867 2923 abscidi
879 2863 995 2937 uirgam,
1049 2864 1286 2931 statuariue,sive
1301 2864 1412 2938 plastes
1423 2866 1623 2923 Deus.ldcirco
1636 2867 1749 2939 projeci,
1763 2865 1873 2940 inquit,

173 2959 438 3017 iiveabscindeudo
454 2958 577 3028 virgam,
593 2956 721 3024 dirimam
733 2970 846 3027 pascam
862 2954 995 3021 aoi.Quid
1049 2957 1120 3013 iilud
1134 2959 1172 3013 ad
1185 2960 1394 3029 statuariiim‚et
1408 2961 1517 3032 proteri
1529 2962 1594 3017 ilios
1608 2960 1636 3016 in
1652 2960 1766 3018 domum
1780 2961 1831 3018 Dei
1840 2960 1876 3017 ad

174 3049 252 3105 enim
265 3047 385 3120 prodeat
400 3046 480 3119 pasci
495 3061 626 3116 corpora,
644 3044 692 3100 ubi
704 3049 913 3101 mortuasesse
925 3060 994 3101 con·
1010 3094 1032 3162 C
1049 3049 1228 3114 statuariam,
1244 3048 1432 3116 subauditur,
1447 3054 1479 3105 ut
1492 3049 1555 3121 ipse
1570 3050 1621 3122 qui
1637 3049 1718 3108 solus
1734 3049 1815 3108 uniit
1834 3051 1878 3108 di·

174 3141 232 3195 stat
246 3134 465 3201 animas.,0uod
477 3133 600 3190 moritur
620 3132 663 3189 vel
674 3132 872 3190 succiditurin
884 3134 993 3203 anima,
1051 3153 1141 3212 gnum
1158 3138 1286 3209 prolerre
1301 3154 1391 3209 super
1407 3139 1461 3195 boc
1474 3140 1631 3212 judicium.
1643 3142 1767 3214 Projeci',
1783 3140 1812 3197 id
1827 3145 1876 3198 eat

176 3224 318 3304 moriatur
333 3228 362 3278 et
376 3222 546 3279 succidatur
561 3221 591 3278 iu
621 3238 751 3294 corpore.
778 3221 842 3277 llaec
863 3222 912 3278 ubi
927 3222 998 3291 diri,
1052 3227 1408 3298 utprojicerenturess'eci,
1425 3229 1559 3286 videlicet
1578 3230 1656 3302 quod
1675 3231 1769 3287 ludas
1786 3232 1878 3299 niani·

175 3331 233 3382 nou
250 3313 361 3388 quievit
376 3329 468 3384 mors,
480 3329 536 3369 uon
549 3313 675 3369 cessarit
685 3311 812 3383 gladius,
828 3313 999 3388 passimque
1051 3318 1141 3374 tentia
1156 3316 1263 3383 ductus,
1279 3318 1373 3374 recudi
1387 3318 1504 3391 triqinto
1528 3328 1673 3390 argenteae
1697 3322 1879 3394 principibus

174 3406 351 3473 truncabant
365 3410 479 3480 gentes,
494 3411 522 3461 et
537 3403 660 3461 invicem
676 3404 901 3474 truncabantur,
912 3409 941 3461 et
955 3410 997 3461 ta·
1051 3405 1221 3479 secerdotum
1234 3413 1259 3461 et
1282 3405 1446 3475 senioribus,
1469 3406 1562 3463 dicens
1580 3423 1587 3465 ε
1613 3406 1737 3474 Ριιιιιιιι,
1763 3409 1879 3465 trudens

181 3513 247 3573 meu
265 3495 339 3553 miro
355 3495 441 3552 medo
457 3493 507 3568 qui
521 3500 706 3552 morerentur
721 3500 750 3552 at
765 3495 999 3563 succiderentur,
1051 3497 1214 3569 sanquinem
1221 3496 1370 3566 jactarant
1383 3495 1509 3568 projectis
1523 3499 1669 3568 anguineis,
1694 3497 1805 3568 abiens,
1831 3498 1879 3554 io·

177 3586 311 3644 certatim
326 3585 524 3642 nascebantur
540 3588 622 3640 tanta
638 3583 763 3656 insania,
794 3591 827 3640 ut
851 3582 998 3658 proletarii
1052 3587 1315 3660 queoiceuspcndi't
1339 3585 1456 3658 (Metti.
1479 3589 1577 3658 xxvii),
1605 3587 1672 3660 quis
1698 3587 1797 3645 ellecit
1817 3586 1879 3645 nisi

175 3673 811 3750 quoqueinurbibuscollocarentur.0uodnd
821 3673 997 3746 quidvaiuit,
1052 3678 1115 3749 ipse
1130 3674 1181 3750 qui
1197 3675 1244 3731 bic
1259 3673 1399 3748 loquitur,
1413 3684 1440 3732 et
1451 3676 1557 3748 projeci
1565 3677 1627 3732 iilos
1642 3679 1672 3735 iii
1685 3677 1798 3735 domum
1814 3679 1877 3737 Dei.

176 3766 233 3824 nisi
245 3771 277 3822 ut
291 3766 424 3822 internus
439 3762 613 3835 impleretur
627 3762 791 3836 iSequitur
805 3780 811 3820 ε
825 3765 859 3820 m
872 3777 1000 3836 coenove·
1056 3764 1172 3823 iuterim
1190 3766 1219 3821 in
1233 3765 1288 3822 hac
1303 3764 1411 3837 littera,
1427 3765 1567 3839 quoniam
1596 3767 1739 3824 Dominus
1762 3774 1809 3825 eet
1824 3771 1877 3842 qui

174 3853 999 3930 runtsepaupareiqreqis,quicustodiuirtmiliiquinuerium
1053 3855 1069 3910 d
1075 3854 1124 3911 icit
1140 3872 1147 3911 :
1165 3859 1199 3911 ιιι
1213 3854 1403 3927 appenderunt
1415 3854 1564 3911 mercedem
1579 3872 1668 3911 meam
1683 3862 1773 3928 atque
1796 3857 1877 3916 idem

175 3950 251 4006 849
268 3947 379 4005 Domini
392 3954 441 4004 est.
457 3947 487 4002 lit
502 3945 566 4002 dini
578 3944 614 4000 ad
629 3944 744 4001 cos:Si
772 3944 872 4000 ionum
899 3949 939 4001 eat
969 3945 1000 4000 in
1053 3945 1115 4016 ipse
1144 3944 1275 4017 loquitur
1304 3960 1312 4000 ι
1343 3944 1418 4000 Dicit
1448 3945 1582 4000 Dominus
1610 3945 1647 4000 ad
1671 3960 1735 4001 me:
1766 3947 1880 4015 Proii'ee

175 4040 384 4106 aculiiiestria,
410 4040 507 4111 atteris
536 4036 687 4094 mercedem
709 4052 808 4103 meam,
838 4035 904 4093 etsi
931 4052 999 4108 non,
1054 4033 1362 4098 iltudndstatumium,
1378 4031 1500 4090 etbuna
1525 4033 1701 4090 statuariam
1727 4034 1790 4092 sive
1814 4035 1877 4109 pla·

174 4129 314 4203 quiescite.
331 4129 468 4200 pauperes
483 4128 586 4200 gregis,
613 4128 796 4198 subauditur,
824 4128 859 4184 de
874 4144 933 4201 qno
949 4145 997 4184 su·
1053 4131 1126 4181 stem
1142 4129 1255 4181 coastat
1270 4140 1335 4181 esse
1350 4123 1454 4192 Deum,
1472 4123 1681 4196 perpulchrum
1697 4131 1741 4181 cst
1768 4124 1815 4182 bic
1831 4131 1877 4183 at·

176 4235 228 4292 pra
242 4217 314 4284 dixi,
327 4225 353 4273 et
366 4216 431 4288 paui
442 4231 563 4286 erogem,
580 4216 608 4272 id
624 4220 670 4273 est
686 4217 843 4289 regendam
869 4216 998 4288 suscepi.
1052 4213 1170 4269 tendere
1184 4215 1275 4270 totius
1290 4212 1439 4270 Trinitatis
1452 4212 1726 4287 colloquiumque
1739 4214 1881 4274 videlieet

175 4306 365 4364 israeliticam
380 4314 508 4377 gentem,
527 4310 556 4360 et
572 4304 638 4362 dedi
655 4306 697 4362 eis
721 4305 826 4378 legem.
849 4306 904 4371 Oui
930 4308 1001 4362 aunt
1053 4318 1099 4359 res
1114 4318 1222 4374 magua
1236 4306 1291 4369 est,
1309 4303 1394 4373 cujus
1411 4302 1646 4381 magnitudinem
1663 4305 1741 4360 istud
1756 4321 1880 4379 quoque

175 4395 221 4454 vel
236 4395 355 4452 luerunt
370 4393 449 4451 illius
460 4393 558 4466 gregis
574 4409 718 4467 pauperes
734 4394 997 4452 illuminessnnali
1053 4390 1193 4458 insinuat,
1210 4392 1287 4464 quod
1311 4397 1413 4448 contra
1436 4391 1516 4448 illam
1540 4408 1696 4450 commune
1723 4393 1879 4465 divinitas,

175 4493 202 4543 et
217 4483 345 4541 humiles
360 4499 484 4556 quorum
501 4481 646 4547 nonnulii,
662 4488 692 4538 et
705 4482 730 4539 si
760 4499 850 4541 consu
881 4482 995 4554 divites,
1011 4464 1034 4531 D
1051 4497 1108 4538 non
1126 4480 1156 4537 in
1172 4497 1239 4551 uua,
1256 4481 1305 4538 sed
1323 4480 1352 4536 in
1374 4481 1469 4538 tribus
1490 4499 1550 4538 aaa
1575 4480 1744 4538 substantia
1770 4500 1878 4556 persu-

177 4575 282 4634 ailectu
296 4573 340 4629 vel
356 4572 461 4644 spiritu
478 4573 598 4628 luerunt
614 4588 769 4644 pauperes,
794 4579 827 4630 ut
850 4575 913 4647 ipse
939 4575 996 4631 Da·
1054 4575 1111 4641 nis,
1125 4571 1239 4628 edicere
1255 4570 1375 4626 motitur
1386 4572 1531 4644 iudicium
1545 4590 1553 4642 3
1571 4577 1600 4628 et
1624 4572 1722 4647 qualis
1744 4579 1792 4631 eat
1806 4592 1877 4632 san·

176 4665 223 4722 vid
238 4679 296 4732 rea,
308 4662 356 4720 isti
371 4676 506 4735 pauperes
520 4661 783 4735 cognoreruntquio
809 4666 920 4720 uerbum
947 4664 997 4720 Do·
1052 4663 1141 4718 tentia
1153 4660 1257 4732 judicii
1275 4659 1289 4716 ι
1303 4661 1442 4732 Sequitur
1457 4677 1464 4716 :
1483 4665 1518 4717 Et
1531 4660 1649 4733 praecidi
1663 4661 1772 4735 vii-gom
1782 4681 1878 4722 meam

175 4755 247 4812 mini
260 4758 310 4822 eit,
326 4750 356 4808 id
375 4756 422 4807 ast
446 4752 514 4823 quia
534 4750 648 4821 justum
672 4757 717 4806 est
735 4752 879 4822 judiciuin
910 4768 997 4826 super
1051 4751 1211 4818 secundam,
1228 4765 1291 4822 qum
1305 4750 1632 4823 appellaturtuaicuius,
1652 4761 1682 4809 ut
1694 4753 1879 4812 diuotcerem

175 4849 287 4919 gentes.
303 4842 424 4907 Duaado
439 4849 536 4897 autam
552 4839 594 4897 vel
616 4842 762 4914 quomodo
787 4842 860 4898 dicit
887 4843 923 4897 ad
948 4859 997 4901 eos
1053 4845 1268 4916 qeriiianitatem
1284 4842 1357 4897 inter
1368 4843 1471 4898 tudam
1486 4846 1512 4898 et
1525 4844 1620 4900 lsrael.
1636 4844 1670 4900 Et
1688 4849 1734 4900 est
1748 4862 1881 4908 sensus:

175 4933 230 4991 iste
245 4949 369 5007 pascens
385 4947 515 5004 gregem,
530 4931 626 5004 reflecte
641 4935 793 4988 mercedem
811 4949 904 4989 meum
918 4931 932 4988 ‘i
947 4933 997 4990 Ni·
1056 4933 1137 4990 Sicut
1152 4932 1330 4989 abscideram
1349 4933 1460 5005 virgam
1479 4934 1617 5006 primam,
1633 4935 1676 4992 sic
1692 4936 1812 5008 presidi
1824 4938 1882 4996 ria

175 5021 283 5078 mirum
297 5019 414 5092 quando
428 5019 553 5075 deditei'e
570 5022 694 5092 regiones
716 5023 851 5092 gentium,
867 5031 894 5079 et
919 5022 995 5079 tabo·
1051 5039 1118 5095 gam
1134 5022 1518 5089 meamaecundam,idest
1542 5024 1619 5080 sicut
1641 5025 1711 5082 alim
1741 5029 1878 5098 gentium

176 5124 218 5166 res
236 5108 401 5181 populorum
420 5107 598 5179 possederunt
623 5109 710 5178 (Paul.
738 5110 806 5181 aiv),
835 5114 904 5165 tuno
924 5109 997 5169 dixit
1055 5111 1085 5167 in
1100 5110 1266 5169 idololatria
1282 5110 1625 5170 ditiluenliumuniverso
1636 5119 1717 5187 gregi
1731 5117 1880 5191 dixeram,

173 5196 369 5270 illisionerte
381 5195 532 5253 mercedem
545 5213 746 5269 ineam,qaam
763 5199 917 5255 Psalmisti
931 5216 996 5271 pro·
1055 5201 1404 5273 nciipn.·camiiai,itaet
1429 5200 1520 5258 multo
1545 5205 1679 5261 acerbius
1704 5205 1763 5261 diiii
1795 5208 1879 5281 gregi

176 5287 257 5344 tinus
272 5286 450 5357 exprimens,
467 5288 495 5339 ut
509 5284 676 5354 cuitodiant,
693 5286 799 5358 inquit,
820 5287 999 5360 justificatio·
1051 5292 1180 5349 iudaicae
1208 5289 1387 5364 gentianam
1404 5307 1515 5360 pascam
1540 5309 1596 5360 uos,
1621 5301 1711 5366 atque
1740 5296 1784 5353 ita
1810 5298 1880 5356 elic·

172 5392 221 5433 nes
234 5377 294 5445 eiiii
308 5383 334 5432 ct
349 5375 434 5446 legem
461 5372 680 5444 ejusrequiront
702 5374 804 5447 (ibid).
834 5376 906 5433 Nam
936 5376 997 5435 beo
1052 5388 1129 5438 ctum
1143 5387 1189 5438 cst
1202 5384 1234 5437 ul
1248 5379 1437 5437 dissolverem
1466 5382 1690 5454 germaniteiem
1721 5385 1799 5442 inter
1820 5390 1880 5446 iu·

174 5474 220 5526 cst
234 5471 294 5523 tota
311 5479 422 5521 merces
437 5464 563 5535 pastoris
575 5462 676 5536 buJus,
692 5474 719 5518 et
734 5463 764 5518 in
781 5464 834 5522 boo
849 5467 923 5523 bene
937 5482 998 5523 inu·
1052 5476 1119 5528 dam
1135 5477 1163 5529 et
1178 5472 1278 5541 lsrael,
1300 5469 1328 5526 id
1345 5474 1390 5528 est
1405 5474 1437 5527 ut
1451 5471 1648 5543 compleretur
1663 5474 1776 5532 malum
1795 5477 1882 5548 illud,

179 5563 313 5614 aeratam
327 5569 357 5612 se
373 5567 437 5610 esee
453 5550 627 5627 gratulatur,
644 5552 669 5613 ai
689 5568 759 5627 grex
774 5569 862 5630 quein
891 5557 996 5629 pascit,
1051 5562 1136 5636 cuius
1153 5561 1327 5635 presagium
1342 5557 1397 5617 tun
1411 5557 1462 5620 ilia
1475 5559 1632 5623 dissolutio
1647 5579 1706 5640 qua
1720 5565 1793 5626 otini
1814 5567 1881 5627 die·
