3832 6008
144 237 223 299 tait

690 235 866 302 adruunt
889 228 1055 294 iuuenis
1083 229 1321 292 TUl‘llleSlS.

1815 224 1877 288 tiit

144 373 272 429 cundum
287 371 358 428 illud
373 373 535 444 exemplum
552 388 759 446 nonnunquam
777 368 972 446 persenserint
986 370 1013 436 Α
1029 362 1096 436 plcet
1111 363 1158 420 ubi
1173 362 1384 434 multiloquium
1399 369 1440 418 est
1454 360 1563 432 absque
1580 357 1701 415 affectu
1719 356 1830 413 divina
1844 360 1878 413 in·

145 460 175 516 in
191 461 288 517 auditu
313 461 371 517 sive
396 462 595 520 decantatione
625 464 730 529 laudis,
753 464 811 519 sive
836 458 975 518 orationis

143 550 217 607 bene
232 558 258 606 et
272 567 381 607 iiiorose
402 567 470 608 curu
496 554 604 610 inustae
626 550 974 615 niodulamiuescnantis,

1029 452 1203 525 spirationis,
1219 468 1302 524 quem
1318 453 1410 509 soloni
1435 451 1540 509 babent
1554 450 1607 507 val
1632 447 1753 506 babere
1765 456 1875 518 possuit

1030 542 1194 613 hypocrita,
1207 544 1328 598 multum
1340 543 1488 614 loquentes
1501 546 1581 598 sicut
1597 541 1738 605 ethnici,
1756 541 1790 595 in
1804 555 1875 610 spus·

143 641 217 709 quud
241 640 367 710 ipsorum
394 644 501 699 viscera
525 652 690 701 concuteret
714 645 838 714 impetus
853 641 975 708 Spiritus
1028 633 1195 703 ιιθιιίιθιίιι
1219 631 1336 703 auguli!
1362 632 1672 702 platearumtlffllsssi
1703 631 1750 686 '⁰¹
1784 638 1874 685 §stult

146 730 253 795 satiati,
271 731 415 786 inundans
438 731 555 788 allectus
578 733 680 789 divine
705 730 910 804 inspirationis,
934 742 975 781 vis
1027 731 1153 787 orantes.
1171 730 1198 778 et
1212 722 1300 777 videri
1313 722 1449 778 volentes.
1465 721 1506 778 De
1522 719 1702 790 tribusjain
1717 717 1810 775 dictis
1825 735 1873 775 nio·

147 834 253 888 magua
277 826 383 876 sanetae
404 823 643 893 compunctionis.
669 824 709 879 tii
731 823 854 894 denique
879 818 975 875 irescio
1027 812 1072 867 dis
1081 813 1183 867 eraudi
1194 812 1350 868 faciliorem
1369 813 1482 867 iuodum
1504 817 1561 866 tatii
1578 808 1710 880 pusillis
1721 824 1813 880 quam
1826 825 1872 863 mi·

147 924 204 979 qua
217 917 325 964 naturae
340 910 376 976 ιι,
396 919 426 966 ιι
450 913 539 968 multu
561 913 687 985 amplius
710 906 974 969 alliciarauitiendu

148 998 308 1055 sublimiter
321 1004 472 1056 crincutem
482 1002 820 1059 Ecclesiaecborumcuu
847 999 976 1056 multitu·

147 1088 214 1143 dine
255 1104 401 1155 scaurum,
432 1091 555 1162 exempli
576 1091 677 1161 gratia,
702 1092 782 1147 illam
813 1091 972 1149 orationem

147 1175 232 1241 Most,
265 1198 278 1228 a
298 1178 433 1245 Obsecro,
452 1181 581 1247 Domine,
604 1180 715 1237 dimitte
739 1188 854 1253 peccata
876 1176 973 1250 populi

148 1264 187 1319 tul
205 1266 303 1335 (baed.
320 1270 421 1338 xiiii),
435 1290 449 1317 o
461 1269 587 1336 itemque
598 1271 674 1341 quod
685 1271 776 1326 oravit
789 1270 865 1325 idem
882 1269 974 1324 Moses

148 1357 278 1410 eumdem
296 1355 461 1422 Dominum,
478 1366 505 1414 et
520 1357 610 1415 dixit:
627 1382 641 1409 a
657 1360 687 1414 Si
703 1358 927 1428 inveniuratiani
943 1358 973 1412 in

148 1456 302 1514 conspectu
320 1454 378 1513 tuo,
393 1450 512 1504 ostenda
530 1448 601 1504 mibl
624 1450 746 1518 teipsum
769 1447 929 1511 manileste,
944 1453 972 1500 ut

148 1533 257 1589 rideam
273 1543 299 1589 te
315 1536 411 1605 (duod.
428 1538 538 1608 ιιιιιι),
554 1560 568 1588 »
581 1552 664 1609 quum
684 1538 707 1593 si
723 1538 884 1608 simplicem
896 1539 972 1607 ejus·

149 1624 214 1678 dem
229 1623 365 1681 orationis
377 1625 572 1693 litteraturam,
589 1635 617 1682 ut
628 1628 657 1683 in
675 1627 746 1684 libro
760 1627 892 1685 bisturico
905 1625 975 1684 seri·

1025 900 1137 972 juribus
1148 901 1238 972 magis
1251 902 1436 959 commodum
1451 901 1494 958 rel
1515 908 1638 972 aptum,
1665 899 1802 967 scilieet,
1819 899 1868 955 bre·

1027 1006 1133 1047 viciam
1151 992 1304 1064 paucisque
1314 992 1606 1060 verbiscouteutum,
1636 990 1869 1063 praescribitdi·
1905 960 1908 1025 l

1027 1096 1115 1138 cens:
1132 1102 1147 1131 a
1163 1081 1211 1137 Sic
1226 1098 1293 1152 ergo
1307 1096 1359 1137 uos
1372 1081 1508 1137 orabitis:
1526 1081 1614 1137 Pater
1635 1090 1760 1145 noster,
1788 1079 1834 1150 qui
1848 1096 1869 1134 es

1027 1170 1056 1225 iu
1072 1171 1163 1235 cretis,
1179 1169 1372 1226 sanctiticatur
1387 1185 1492 1227 nomen
1503 1177 1602 1236 tuum,
1622 1193 1638 1221 »
1650 1176 1718 1227 etc.
1740 1172 1807 1226 llaec
1821 1187 1869 1225 ors·
1906 1196 1908 1237 t

1027 1260 1066 1315 tiu
1082 1259 1199 1316 torsitan
1234 1259 1385 1330 discipulis
1399 1258 1514 1316 Domini
1524 1259 1626 1316 adbuc
1637 1259 1822 1316 rudibusob
1835 1263 1869 1316 ssi
1905 1304 1908 1329 ,

1027 1347 1193 1405 brevitatem
1215 1345 1393 1406 insufficiens
1417 1350 1475 1404 risa
1496 1357 1547 1405 est.
1574 1349 1667 1415 Nam,
1687 1348 1770 1405 sieut
1788 1350 1865 1405 lucas

1025 1445 1174 1503 memorat,
1188 1447 1338 1494 comesset
1351 1439 1380 1494 in
1399 1439 1461 1495 loeo
1481 1439 1610 1511 quodam
1635 1455 1746 1508 orans,
1761 1444 1793 1495 ut
1812 1456 1866 1495 ces·
1906 1448 1908 1509 j

1026 1528 1106 1594 savit,
1124 1527 1278 1583 dixitunus
1302 1543 1336 1584 es
1357 1527 1505 1599 discipulis
1528 1527 1594 1598 ejus
1613 1528 1653 1584 ad
1678 1544 1753 1585 euin
1769 1545 1777 1583 :
1794 1531 1866 1584 «Do-
1905 1514 1908 1611 J

1027 1620 1117 1684 mine,
1134 1617 1204 1674 doce
1219 1634 1284 1685 nos,
1300 1634 1384 1674 orare
1395 1620 1468 1674 sicut
1479 1626 1504 1675 et
1518 1620 1654 1674 loannes
1671 1619 1776 1674 docuit
1792 1619 1868 1673 disci
1904 1614 1908 1703 j

151 1714 418 1781 ptaest,le;ramvel
438 1716 560 1772 audiam.
592 1719 669 1784 Quod
696 1718 781 1789 igitur
804 1717 975 1774 raletnobis
1029 1707 1281 1779 9⁰¹⁰⁸⁸⁰⁰⁸i¹⁴¹l⁶²
1307 1705 1380 1779 ¹¹)-l
1406 1705 1494 1774 Qum
1524 1706 1579 1763 ¹¹⁰⁰
1606 1713 1688 1775 “⁸¹2
1716 1705 1869 1779 dlwlplsslss

153 1800 213 1856 baec
228 1803 369 1857 institutio
385 1803 539 1874 brevitatis,
551 1821 605 1876 qua
620 1821 672 1861 iios
687 1806 841 1863 informare
854 1806 972 1862 voleus:

153 1912 167 1938 a
179 1890 480 1963 Sicergo‚iuquit,vos
495 1893 634 1950 orabitis?
658 1895 738 1951 »tice
754 1895 971 1967 ritnirumqucd

148 1979 294 2050 jactantie
310 1981 369 2037 sive
380 1982 512 2040 elationis
525 1983 641 2053 vitium,
663 2000 725 2055 quae
748 1985 778 2040 iu
794 1983 973 2057 multiloquio

151 2069 222 2124 solet
237 2069 383 2140 obrepere,
409 2089 458 2141 per
486 2075 688 2143 compendium
718 2074 778 2130 siva
806 2074 972 2130 brevitatem

150 2159 255 2214 melius
270 2162 486 2229 potcstanimus
497 2162 774 2234 intirmusellugere,
797 2170 826 2220 et
842 2172 973 2234 praeterea

147 2250 216 2316 quia
231 2249 331 2303 modus
344 2249 390 2305 liic
401 2251 546 2315 orationis,
564 2251 612 2322 qui
633 2252 761 2308 brevitati
771 2253 875 2322 studet,
887 2262 972 2309 cete-

147 2335 292 2390 rismodis
311 2336 432 2403 facilior,
454 2339 622 2408 cunctisque
639 2339 751 2410 pusillis
771 2341 874 2410 pariter
888 2345 973 2411 atque

147 2424 304 2495 majoribus
321 2427 409 2496 inagis
432 2427 663 2483 accrrmmudatus
687 2438 737 2485 est.
758 2428 832 2486 Sunt
846 2445 972 2499 numque

148 2521 205 2569 tres
218 2514 356 2570 orationis
372 2515 448 2571 modi
461 2516 490 2571 in
503 2514 607 2586 quibus
621 2516 743 2573 Domino
757 2517 971 2589 beneplacitum

149 2610 201 2669 est,
218 2611 336 2671 «quartus
349 2602 520 2659 illiomuinu
537 2604 677 2674 displicet.
694 2605 806 2662 Primus
818 2608 917 2662 modus
930 2614 971 2661 cst

148 2708 212 2749 cum
228 2694 360 2749 oratioeii
375 2694 488 2763 allecto,
501 2694 599 2765 utjsm
618 2695 726 2752 dictum
742 2705 793 2762 εει,
809 2699 914 2753 divinas
926 2697 972 2752 iii·

148 2783 313 2854 spirationis
335 2785 521 2854 protenditur,
544 2785 618 2840 sicut
634 2783 718 2842 licbit
746 2788 846 2847 Anne.
863 2802 926 2858 quae
940 2788 969 2843 in

149 2880 260 2928 tuntum
276 2873 485 2946 multiplicabat
500 2890 606 2945 preces,
624 2885 652 2935 ut
663 2890 725 2931 eain
740 2878 891 2932 estimaret
905 2876 968 2933 Heli

148 2962 346 3019 temulentam.
366 2986 377 3013 a
406 2965 520 3021 Factum
548 2976 600 3033 est,
616 2968 708 3037 inquit
731 2966 887 3038 Scriptura,
904 2980 969 3020 cuni

1032 1795 1147 1850 Domini
1159 1811 1269 1867 rogere,
1286 1803 1317 1851 ut
1331 1796 1403 1852 sicut
1418 1797 1552 1852 docuerat
1579 1795 1823 1853 bomoJoannes
1836 1797 1868 1851 ita

1031 1883 1148 1941 doceret
1161 1900 1251 1952 orare,
1267 1884 1391 1941 loannes
1406 1885 1483 1941 enim
1502 1884 1589 1941 borno
1604 1883 1698 1943 erati
1715 1886 1752 1943 tii
1765 1896 1869 1953 antem,

1031 1973 1105 2029 sicut
1117 1981 1237 2045 oportet,
1253 1990 1377 2044 oremus,
1407 1989 1492 2031 nemo
1505 1974 1736 2047 doeerspotest,
1759 1976 1817 2032 nisi
1830 1992 1869 2031 so

1031 2062 1076 2118 los
1092 2067 1174 2119 Deus.
1192 2063 1446 2136 liincApostolus:
1464 2064 1560 2120 »Nam
1587 2066 1872 2136 quidoreinnssicnt

1030 2166 1140 2232 oportet
1155 2163 1311 2231 nescimus,
1326 2163 1375 2218 scd
1393 2161 1454 2233 ipse
1467 2162 1591 2233 Spiritus
1606 2165 1745 2234 postulat
1762 2180 1813 2236 pro
1829 2178 1873 2220 nu.

1031 2250 1075 2305 bis
1098 2250 1252 2321 gemitibus
1271 2251 1512 2307 inenarrabilibus
1539 2252 1629 2322 (Rom.
1659 2254 1740 2326 viii).
1762 2276 1778 2304 a
1794 2254 1872 2323 Ergo,

1030 2339 1163 2410 quoniam
1180 2340 1276 2396 doceri
1292 2338 1434 2405 volebant,
1459 2339 1531 2397 sicut
1551 2339 1642 2397 bomo
1650 2342 1810 2400 bominem
1825 2344 1869 2397 do·

1030 2444 1095 2484 cere
1110 2433 1213 2499 potest,
1225 2427 1299 2484 sicut
1311 2427 1609 2499 bumiiiasdrscipulos
1622 2446 1701 2486 suos
1712 2433 1818 2487 docere
1826 2446 1867 2501 pu·

1030 2524 1120 2575 tuerat
1136 2518 1221 2574 bomo
1235 2517 1363 2574 loannes·
1379 2518 1454 2587 (Luc.
1475 2518 1527 2590 ιι),
1551 2517 1619 2589 quid
1650 2521 1704 2577 vel
1730 2522 1865 2592 quomodo

1029 2606 1071 2662 eis
1087 2609 1232 2677 respondit
1246 2606 1260 2662 i
1276 2608 1372 2663 «Cum
1389 2607 1489 2673 oratis,
1506 2607 1612 2678 lnquit,
1642 2608 1763 2667 dieite:
1777 2610 1862 2673 Pater,

1029 2696 1223 2752 sanctificetur
1238 2711 1346 2752 nomen
1361 2704 1452 2765 tuum,
1467 2696 1601 2752 adveniat
1625 2713 1759 2768 regnum
1777 2710 1861 2767 tuum,

1029 2801 1134 2856 panem
1151 2794 1280 2841 nostrum
1297 2786 1496 2857 quotidianum
1511 2786 1548 2841 da
1563 2785 1654 2843 nobis
1665 2788 1767 2859 bodie,
1783 2796 1811 2846 et
1823 2789 1859 2845 di·

1028 2878 1109 2930 mitte
1125 2874 1208 2931 nobis
1218 2876 1297 2930 Du
1308 2885 1424 2946 peccata
1436 2882 1543 2944 nostra,
1554 2875 1707 2946 siquidem
1726 2877 1858 2949 etipeidi·

1028 2964 1166 3020 mittimus
1179 2964 1259 3020 omni
1272 2964 1388 3021 debeuti
1401 2963 1495 3036 nobis,
1506 2972 1534 3021 et
1548 2981 1586 3021 ne
1605 2980 1665 3039 nos
1688 2970 1814 3024 inducas
1828 2969 1854 3023 iii

148 3052 197 3107 ills
213 3051 416 3123 multiplicaret
431 3069 528 3123 preces
542 3070 640 3112 coram
651 3056 782 3122 Domino,
796 3064 825 3111 ut
841 3055 904 3111 Heli
918 3054 968 3111 ob·
1028 3055 1222 3111 tentationem.
1240 3075 1255 3104 a
1271 3054 1302 3110 Si
1317 3070 1415 3125 paruni
1431 3053 1663 3126 compositusvel
1684 3055 1857 3114 insufficiens

149 3148 272 3198 servaret
288 3157 320 3198 os
341 3143 411 3212 ejus.
437 3142 523 3200 l’orio
546 3146 630 3200 Anna
655 3146 821 3215 loquebatur
840 3145 869 3200 iii
885 3146 971 3201 corde
990 3106 1240 3199 cvridebuturillis
1252 3142 1602 3215 modusurationis,qnem
1610 3147 1858 3204 secundumbuuc

148 3246 210 3302 suo,
227 3238 393 3302 tantumque
405 3231 481 3288 labia
490 3234 551 3303 ejus
572 3234 768 3302 movebantur,
781 3243 808 3290 et
824 3250 876 3291 voi
891 3235 972 3305 peni·

149 3325 196 3375 tus
217 3335 274 3377 non
291 3321 466 3377 audiebatur.
491 3323 799 3396 AEstimaritergoeani
811 3323 972 3380 Helltemu·

1026 3232 1226 3301 evangelistam
1244 3231 1408 3289 blattbaum
1420 3231 1607 3303 ipseultroin
1628 3241 1739 3292 monte
1758 3237 1857 3304 docuit,

1025 3321 1173 3378 etidcirco
1197 3322 1227 3378 in
1251 3319 1314 3378 loco
1338 3321 1395 3377 alic
1419 3329 1591 3394 rogaverunt
1606 3338 1638 3379 se
1664 3325 1779 3391 doceri,
1794 3325 1859 3381 sieut

148 3409 268 3477 lentam,
293 3410 421 3482 dixitque
444 3412 470 3468 ei
482 3430 489 3469 ι
502 3413 654 3485 Usquequn
677 3413 755 3470 ebria
776 3413 857 3470 crisi
873 3415 973 3481 Diuere
1025 3411 1151 3469 ioannes
1165 3426 1246 3466 orare
1260 3411 1367 3478 docuit,
1381 3413 1490 3482 puclire
1504 3410 1645 3468 nimirum
1667 3413 1730 3470 illis
1752 3430 1859 3485 compe

149 3501 293 3574 paulisper
308 3502 407 3559 vinum
422 3518 478 3574 quo
498 3504 595 3560 mades
612 3505 710 3576 (lllag.
727 3505 759 3577 ι).
774 3527 789 3555 »
809 3506 972 3562 Secundum

149 3590 971 3667 similitudinemillius,llc·elasiadegentibus,quaedudum

149 3680 391 3749 sterilisDeoarat,
409 3692 585 3740 nuncautem
602 3685 710 3755 peperit
730 3682 881 3756 plurimos,
906 3700 972 3756 pre·

149 3785 197 3827 ces
218 3787 313 3828 coram
330 3772 452 3830 Domino
468 3772 540 3830 bene
564 3774 745 3846 multiplicat,
769 3781 797 3830 et
811 3790 845 3829 ei
860 3791 917 3846 quo
931 3774 972 3830 sic

149 3861 235 3932 coepit
246 3861 334 3933 loqui,
344 3863 493 3919 estimavit
503 3879 564 3919 eain
576 3864 761 3920 temulentam
775 3863 848 3931 Heli,
862 3862 972 3919 seilicet

148 3968 221 4007 vaua
244 3952 386 4022 sapientia
408 3953 511 4009 veteris
532 3952 693 4010 sacerdotii.
720 3953 857 4009 Dixerunt
881 3953 970 4023 enim,

148 4042 214 4113 quia
229 4063 244 4093 a
261 4049 353 4097 musto
369 4042 446 4114 pleni
460 4047 529 4098 sunt
539 4043 586 4099 isti
595 4043 664 4111 (ilci.
681 4042 724 4114 ιι),
738 4062 751 4095 i
768 4042 929 4099 nescientes
943 4045 972 4098 et

148 4131 310 4189 deridentes
324 4131 445 4202 gratiam
470 4148 532 4203 que
554 4139 647 4202 postca
672 4132 799 4188 sterilem
823 4132 904 4188 istam
922 4149 971 4202 pa-

150 4238 210 4280 rere
227 4222 303 4279 lecit.
319 4221 468 4277 Secundus
483 4220 621 4278 orationis
637 4223 749 4291 modus,
764 4236 848 4292 quein
874 4221 971 4277 Domi·

148 4325 203 4367 nus
224 4309 287 4369 loco
302 4311 434 4383 presenti
455 4315 648 4381 commendat,
681 4319 710 4368 ut
732 4310 876 4382 videlicet,
900 4311 970 4368 sciat

1027 3501 1172 3568 altionem,
1188 3501 1247 3556 sive
1270 3499 1479 3571 longitudinem
1501 3501 1656 3571 orationis,
1685 3519 1748 3560 non
1772 3503 1858 3561 volun

1026 3608 1083 3648 non
1099 3590 1188 3658 auxit,
1204 3592 1399 3647 verumetiam
1424 3590 1569 3648 diminuit.
1595 3591 1673 3650 llam
1691 3597 1729 3652 de
1753 3608 1856 3667 septem

1026 3681 1211 3753 petitionibus
1226 3683 1296 3737 duas
1310 3682 1417 3749 omisit,
1434 3682 1545 3739 tertiam
1566 3691 1594 3739 et
1609 3682 1768 3756 ultimam,
1783 3712 1799 3739 ι
1816 3688 1858 3742 tiit

1025 3772 1155 3828 voluntas
1167 3775 1217 3827 tua
1230 3770 1304 3826 sicut
1318 3771 1349 3826 iu
1363 3771 1436 3828 ctelo
1449 3775 1479 3827 et
1493 3771 1524 3827 in
1538 3778 1624 3839 terra,
1641 3794 1659 3823 o
1675 3804 1713 3816 -
1732 3798 1745 3825 a
1764 3778 1814 3833 sed
1828 3778 1858 3832 li·

1025 3860 1092 3918 bera
1107 3877 1159 3918 uos
1173 3877 1189 3915 a
1204 3858 1290 3930 vualo,
1304 3881 1319 3911 u
1335 3863 1365 3917 et
1386 3860 1504 3919 laudem
1528 3860 1751 3934 brevissimam,
1777 3882 1857 3939 quani

1025 3950 1116 4008 hictu
1132 3950 1263 4007 Matthau
1279 3950 1428 4021 praemisit,
1445 3950 1485 4007 ud
1495 3951 1624 4009 solemne
1634 3957 1685 4010 est
1697 3958 1857 4015 orationem

1024 4052 1131 4111 alaude
1153 4052 1297 4118 inchoare,
1314 4060 1378 4125 post
1400 4052 1521 4124 primam
1535 4051 1737 4125 appellatione
1755 4076 1763 4115 ε
1783 4083 1795 4111 ι
1813 4060 1859 4117 Pa-

1024 4152 1067 4201 ter
1081 4146 1179 4200 noster
1202 4141 1252 4213 qui
1266 4157 1297 4198 es
1313 4142 1341 4197 in
1356 4143 1447 4201 cotti.
1461 4165 1472 4193 s
1490 4142 1549 4201 Nec
1563 4158 1656 4214 mora,
1669 4154 1701 4202 ut
1717 4150 1816 4221 inagis
1829 4168 1860 4208 ac

1024 4233 1228 4307 magistratum
1252 4232 1287 4288 sit
1310 4232 1412 4300 oranti,
1435 4231 1483 4303 qul
1506 4247 1571 4289 cum
1599 4235 1658 4291 Deo
1675 4238 1768 4296 verba
1785 4242 1858 4308 iacit,

1024 4320 1098 4390 qnod
1115 4333 1171 4373 non
1186 4331 1256 4388 opus
1272 4319 1310 4372 sit
1324 4317 1350 4372 ει
1366 4316 1452 4389 longo
1474 4317 1517 4374 uel
1542 4321 1707 4389 composito
1723 4341 1860 4383 sermone

147 4405 314 4474 oransquod
327 4420 385 4459 non
396 4403 426 4460 in
437 4404 650 4473 clarnosavoce‚
663 4418 721 4458 nun
735 4402 765 4459 in
785 4400 967 4472 multiloquio
983 4419 1005 4486 q)
1022 4407 1133 4479 fatigari
1146 4398 1155 4463 ι’
1170 4429 1184 4458 ε
1199 4406 1269 4474 Quis
1281 4405 1529 4463 vestrumliabebit
1548 4409 1691 4482 amicum,
1707 4420 1742 4470 et
1758 4416 1814 4473 ibit
1828 4419 1860 4473 ad

147 4492 196 4548 sed
212 4492 243 4547 in
266 4493 438 4549 contritione
452 4492 547 4548 cordis
560 4491 701 4548 Dominus
716 4492 858 4558 exaudiat,
875 4491 966 4562 quod·

82 4626 85 4631 .
147 4596 202 4653 que
215 4585 305 4640 oratio
320 4582 412 4639 breuis
426 4590 454 4639 et
467 4599 536 4653 pura
551 4598 612 4639 esse
625 4582 735 4653 debeat,
753 4589 782 4638 ut
797 4582 868 4638 ista:
885 4602 900 4632 a
914 4581 968 4636 Pa-

147 4680 189 4729 ter
205 4680 311 4742 noster,
329 4671 376 4744 qui
392 4688 422 4728 es
437 4670 467 4727 in
478 4670 568 4738 caelis,
584 4693 598 4721 i·
614 4679 668 4728 ete.
684 4670 797 4728 Tertius
811 4671 911 4727 modus
925 4674 970 4726 est

146 4762 214 4819 duni
240 4779 299 4820 non
322 4761 415 4819 solum
440 4759 502 4818 sine
523 4761 738 4826 claniosavoce,
755 4776 851 4816 verum
880 4759 968 4815 etiam

142 4852 249 4923 absque
263 4860 340 4911 motu
350 4850 490 4908 labiorum
506 4851 639 4923 quisorat
652 4850 826 4908 intrinsecus
839 4849 968 4907 oratione

142 4939 249 5008 clausu,
266 4942 338 4997 sicut
352 4941 448 4998 orabat
458 4939 560 5009 Musas,
576 4941 689 5012 quando
697 4946 884 5011 persequente
900 4939 968 4994 Plia-

142 5045 230 5087 racne
255 5029 325 5086 diiii
346 5031 379 5105 ad
406 5045 472 5087 euni
496 5029 653 5087 Dominus:
679 5051 693 5080 ι
708 5030 780 5095 Quid
804 5028 910 5086 clamne
931 5029 967 5084 ad

141 5122 211 5179 ruet
225 5144 240 5171 ε»
256 5119 352 5192 (uxot.
367 5119 439 5187 xiv.)
453 5119 530 5175 Nihil
555 5120 632 5177 enim
649 5127 717 5176 tunc
737 5136 786 5176 ora
800 5115 967 5189 loquebatur

140 5211 175 5267 ad
191 5209 356 5273 Dominum,
368 5206 419 5262 sed
432 5222 552 5280 magnus
567 5207 678 5264 clamor
693 5224 828 5280 magnum
845 5215 905 5264 erat
919 5208 966 5264 de·

139 5299 286 5357 siderium.
303 5297 375 5353 Hinc
391 5295 560 5352 Psalmista:
577 5319 592 5346 a
610 5298 789 5354 Desiderium
805 5313 965 5370 pauperum

141 5389 286 5447 exaudivit
300 5386 448 5453 Dominus,
465 5387 788 5455 preparationnscordis
804 5403 902 5445 eorum
915 5404 966 5445 au·

141 5478 212 5534 divit
221 5479 298 5534 auiis
313 5484 360 5531 tua
376 5473 462 5547 (Psoi.
475 5476 526 5543 ia).
543 5494 557 5525 u
574 5474 698 5539 Quartus
713 5478 849 5534 orationis
866 5479 966 5535 modus

143 5566 273 5636 omuino,
290 5573 320 5623 ut
334 5565 397 5638 ani
412 5562 520 5621 dictum
536 5569 590 5634 est,
605 5565 727 5624 Domino
743 5567 884 5638 displicet,
901 5568 966 5628 vide

1022 4497 1104 4553 illum
1116 4497 1209 4553 media
1222 4503 1304 4553 noete
1324 4500 1354 4551 ει
1377 4495 1453 4553 dicet
1467 4496 1510 4553 illi
1531 4513 1539 4555 :
1563 4499 1676 4570 ilmice,
1701 4508 1860 4564 commoda

1024 4587 1095 4644 mibi
1111 4591 1168 4644 tres
1183 4602 1282 4658 panes,
1297 4586 1551 4656 quoniamamicus
1566 4604 1647 4645 meus
1658 4595 1745 4650 venit
1765 4598 1803 4654 de
1817 4597 1859 4653 vis

1022 4674 1856 4760 adma,etnunhabeoquodponamanteilluvn(linearis

1022 4766 1163 4822 Nimirum
1177 4765 1227 4835 qui
1240 4765 1282 4821 sle
1294 4765 1372 4821 veuit
1385 4766 1420 4821 sd
1433 4766 1519 4823 amici
1531 4768 1576 4824 sui
1585 4769 1706 4839 ostium.
1719 4791 1784 4833 uon
1799 4793 1856 4833 ser.

1023 4872 1137 4914 monem
1170 4856 1249 4913 alieri
1286 4854 1416 4927 longum,
1438 4860 1673 4928 premeditatum.
1700 4865 1856 4940 diligenter

1022 4947 1211 5017 compositum
1236 4945 1296 5002 sive
1324 4951 1501 5017 accuratum,
1525 4949 1575 5005 sed
1600 4951 1667 5007 etsi
1694 4962 1757 5012 tota
1774 4965 1856 5015 nocte

1021 5037 1154 5093 standum
1165 5034 1220 5091 sibi
1236 5043 1263 5091 et
1278 5036 1435 5105 rogandum
1455 5044 1507 5105 est,
1524 5053 1598 5096 unna
1608 5040 1750 5114 idemque
1765 5062 1856 5104 sermo

1022 5133 1073 5195 est,
1088 5123 1181 5181 brevis
1194 5131 1247 5190 εει,
1263 5132 1290 5180 ει
1305 5123 1358 5181 boc
1379 5125 1453 5181 idem
1479 5128 1579 5199 repetit
1597 5129 1709 5188 centias
1727 5142 1856 5193 resonat·

1022 5230 1077 5286 que
1092 5212 1215 5270 millies:
1235 5236 1249 5263 a
1265 5214 1373 5282 Amice,
1388 5216 1542 5273 commoda
1556 5218 1626 5275 inilii
1643 5226 1704 5278 tres
1720 5241 1826 5295 panes.
1842 5248 1852 5278 ι

1021 5305 1184 5363 Secundum
1202 5305 1254 5360 hue
1280 5304 1443 5374 exemplum
1458 5327 1473 5355 a
1500 5307 1602 5375 Petite,
1626 5307 1738 5383 lnquit,
1765 5318 1855 5374 etdi·

1021 5393 1097 5451 bitur
1111 5390 1201 5461 vobis,
1227 5395 1344 5464 querite
1358 5401 1385 5449 et
1407 5394 1568 5465 invenietis,
1594 5398 1719 5468 pulsate,
1745 5408 1856 5478 etspe-

1021 5487 1109 5542 rietur
1119 5481 1207 5539 vobis.
1227 5503 1238 5530 a
1256 5481 1328 5549 Quid
1346 5483 1491 5554 petimus?
1504 5487 1577 5553 Quid
1588 5494 1749 5560 quaerimus
1762 5495 1779 5551 l
1791 5498 1854 5569 Spi-

1021 5575 1107 5631 ritum
1132 5573 1251 5642 bonum,
1275 5571 1364 5629 ιιιιι
1389 5574 1419 5630 Si
1433 5573 1512 5633 enlin
1534 5591 1594 5650 vos,
1608 5592 1677 5637 cuni
1703 5582 1853 5648 sitismli
