3826 6014
55 238 135 297 1285

461 235 664 298 COMMEli'l'.
688 238 733 297 IN
756 232 1057 296 accessissetis.
1081 266 1120 277 -
1142 231 1217 293 LIB.
1240 234 1357 296 UNUS.

1685 235 1763 296 lese

51 371 261 428 recordataseet
273 369 393 426 comice
404 370 630 441 illicepaeperis.
644 369 810 425 Etdiccbcnr
822 382 878 440 eqo,
896 368 1016 452 Alione
1032 365 1140 421 leuiter
1155 383 1161 422 :
1179 367 1243 422 ideo
1259 366 1303 421 vix
1319 366 1396 423 inter
1414 368 1570 423 rationales
1586 366 1665 424 ullus
1680 386 1761 426 com·

53 463 194 517 meliorem
209 476 268 516 esse
282 462 448 531 arpiensium
463 461 641 530 tortitudine:
660 462 796 532 quemodo
811 473 879 530 erpo

51 553 194 623 snpientia
209 567 340 620 pauperie
363 559 517 621 centerapto
532 556 581 617 est,
594 559 620 605 et
636 551 719 604 verbe
739 550 799 620 ejas
823 563 878 602 non

51 650 115 696 sant
130 639 253 695 audita?
269 639 338 695 alliis
355 641 454 695 ornnia
469 639 579 695 incerta
595 639 674 696 diu
691 637 878 702 ducentibus,

52 735 80 785 el
94 731 207 800 justum
224 729 260 783 ab
277 729 386 799 injusto
403 729 530 801 amplius
546 729 618 784 uilril
635 729 753 791 babere,
768 744 821 798 ego
834 744 880 781 sa·

53 821 194 893 pientiam
205 820 234 874 in
247 820 466 889 boczrnaaimam
479 820 676 891 comprobavi,
689 819 765 890 quud
780 818 880 872 crebro

53 910 161 975 evcnit,
174 915 301 979 utparva
317 911 354 964 sit
366 909 477 974 civiles,
492 915 519 965 et
533 910 713 963 habitatores
728 908 756 961 in
768 923 801 961 ea
814 922 882 977 pau-

56 999 93 1064 ci,
106 1005 135 1053 et
148 998 409 1060 innumerabilium
422 998 551 1053 hostium
562 997 689 1069 cingitur
703 995 841 1063 exercitu,
853 998 882 1048 et

55 1088 209 1143 obsidione
220 1093 248 1141 et
259 1090 336 1142 lame
353 1089 477 1159 pupulus
492 1089 571 1142 intus
583 1093 713 1156 necetur,
725 1091 753 1141 et
765 1088 882 1156 repente

54 1184 156 1233 contra
172 1177 304 1232 omnium
320 1176 519 1247 suspicionem
536 1175 660 1232 inveniri
677 1178 772 1231 virum
790 1173 884 1229 humi·

53 1267 111 1323 lem
120 1275 149 1322 et
160 1284 327 1339 pauperem,
338 1282 387 1338 qur
397 1266 464 1337 quia
473 1266 755 1338 habetsapientiam,
769 1263 883 1319 cunetis

56 1357 740 1430 divitibus,magnis,potentibusetsuperbisin
754 1352 882 1427 periculo

55 1447 171 1519 positis,
188 1452 216 1502 et
231 1448 266 1501 ad
289 1447 473 1502 obsidionem
498 1446 681 1518 paventibus,
697 1446 816 1517 cogitat,
838 1443 884 1498 in·

58 1537 158 1609 quirit.
176 1541 205 1592 et
220 1536 329 1592 invenit
352 1537 501 1608 quomode
516 1537 551 1591 de
567 1536 653 1591 malis
678 1541 761 1590 eruat
785 1533 884 1588 civita·

58 1632 128 1680 tem.
149 1626 206 1679 u'to
224 1625 338 1696 integra
350 1625 503 1679 bominum
515 1624 622 1680 oblivio
634 1624 640 1679 l
654 1634 807 1696 postquam
823 1624 885 1676 lue·

936 458 1198 526 putatur.lstorurn
1210 458 1397 527 drstinguens
1410 459 1702 513 meraeEcclesiestus
1712 460 1762 513 ait:

937 546 1019 601 Verbo
1029 548 1198 616 sapientiam
1211 548 1364 602 eradicatur
1375 551 1404 602 in
1412 548 1531 615 silentio,
1540 550 1602 618 plna
1618 566 1700 622 quera
1711 550 1766 605 cle-

935 650 995 690 mor
1003 635 1139 706 principia·
1151 638 1226 692 inter
1236 639 1342 692 stultos.
1356 636 1419 692 Noa
1429 638 1507 693 enirn
1520 637 1764 709 clamntsapicns,

936 727 984 779 sed
1002 726 1084 796 quid,
1101 727 1159 794 cui,
1185 743 1285 798 quare,
1302 726 1460 799 quomedo,
1477 728 1605 797 quando,
1628 727 1767 799 loquatur

936 813 1288 887 sapienterctepportune
1299 817 1450 871 discernit.
1464 815 1519 871 lete
1531 812 1621 883 celer,
1633 817 1690 872 isla
1701 816 1766 889 pul-

937 904 1072 957 ebritude
1085 905 1167 959 decet
1178 905 1353 976 sapientem.
1366 905 1491 977 Sapiens
1505 906 1764 978 emniadiscernil,

939 998 971 1047 ut
986 995 1020 1047 ad
1038 996 1136 1049 omnia
1152 997 1253 1066 possit.
1271 995 1326 1051 Dat
1342 997 1458 1066 pondus
1474 997 1569 1052 verbis
1586 997 1763 1071 sapientium

939 1098 1036 1138 rerum
1052 1084 1190 1155 gravitas.

974 1170 1048 1227 Dicit
1064 1175 1170 1228 Amos:
1190 1174 1238 1229 Leo
1254 1173 1352 1245 rapiet,
1377 1176 1438 1247 qaia
1453 1190 1508 1229 noa
1536 1175 1661 1230 timebit?
1673 1175 1768 1248 (Amos

939 1262 993 1331 ru.)
1007 1262 1061 1325 Qui
1077 1267 1145 1317 sunt
1160 1279 1283 1333 quorum
1299 1264 1386 1320 verba
1401 1264 1607 1320 audiunturin
1624 1265 1767 1323 silentio‘l
1798 1266 1802 1277 ‘
1862 1252 1866 1265 ¹
1897 1252 1904 1265 ⁶

941 1351 990 1404 Est
1005 1351 1121 1422 sapiens
1133 1356 1221 1420 Deus,
1238 1358 1266 1407 ct
1280 1353 1357 1422 rugit
1372 1358 1513 1425 tanquam
1529 1353 1586 1410 iao.
1608 1353 1645 1410 Ut
1661 1357 1766 1413 timeu-

941 1457 1006 1495 mus
1016 1458 1069 1497 nos
1079 1444 1359 1509 terret,intentando
1373 1444 1538 1517 gehennam
1553 1447 1765 1516 peccatoribus.

940 1530 993 1595 Qui
1007 1531 1091 1586 timet
1103 1531 1185 1587 aedit
1200 1532 1380 1604 sapientium
1393 1534 1481 1588 verba
1491 1534 1518 1588 in
1532 1531 1658 1591 silentio.
1675 1535 1768 1608 thai

941 1620 970 1674 in
983 1619 1100 1676 silentio
1112 1627 1140 1676 et
1152 1622 1253 1678 timore
1265 1624 1312 1678 Dei
1325 1624 1418 1691 audit,
1430 1623 1554 1680 libenter
1566 1625 1665 1681 obedit
1674 1627 1769 1684 verbis

57 1715 116 1770 rint
127 1714 285 1781 liberati,et
296 1715 393 1770 solute
407 1715 562 1786 captivitas
574 1718 602 1769 et
615 1714 728 1770 reddita
740 1716 838 1785 patria
851 1711 883 1766 li·
903 1735 927 1801 B
944 1710 1141 1780 sapientiem
1156 1711 1214 1767 Deo
1226 1712 1357 1781 sapiente
1367 1718 1437 1768 eunt
1450 1713 1523 1768 servi
1535 1715 1599 1783 eius
1611 1714 1770 1788 sapientes.

57 1804 169 1869 bertas,
185 1819 271 1859 neruo
284 1804 418 1858 meminit
432 1803 571 1874 sapientis
585 1802 665 1858 illius
677 1801 824 1875 pauperis,
838 1816 887 1856 ne·
946 1798 1025 1854 Unde
1042 1799 1117 1855 idem
1136 1804 1242 1857 Amos:
1259 1804 1402 1868 Dominus,
1417 1801 1522 1874 inquit,
1537 1806 1640 1859 loculus
1653 1806 1772 1877 estpars

57 1912 105 1951 mo
119 1896 205 1950 relert
215 1896 324 1966 gratias
336 1911 385 1966 pro
397 1894 561 1961 salrrts,scd
575 1910 677 1950 ornnes
690 1895 836 1948 honorant
847 1891 888 1945 di·
943 1905 996 1944 aaa
1003 1890 1174 1960 prophetabit
1185 1892 1304 1964 illirici.)
1317 1892 1453 1964 Quisquis
1466 1898 1522 1948 beo
1533 1894 1695 1966 inspirante
1709 1912 1772 1967 pro-

60 1985 134 2040 vites
151 1985 202 2056 qui
219 1987 246 2039 in
265 1982 390 2055 periculo
406 1984 478 2039 nihil
495 1984 649 2039 subvenire
665 1986 834 2055 potuerunt.
944 1978 1053 2050 phelet,
1065 1981 1151 2035 verba
1162 1981 1368 2052 loquiturque
1380 1981 1476 2053 possis
1488 1982 1589 2038 audire
1601 1984 1629 2038 in
1642 1984 1769 2042 silentio.

18 2108 27 2121 ·
96 2073 189 2128 Aliter
206 2093 211 2126 2
230 2074 335 2128 Civitas
359 2090 446 2144 parva
463 2073 550 2127 homo
572 2080 626 2138 cel,
642 2072 691 2144 qui
708 2073 795 2126 etiam
812 2070 887 2141 apud
943 2069 1308 2142 Agantsesapienter‚qui
1322 2072 1471 2143 bonaquae
1483 2072 1678 2145 dicuntprius
1690 2090 1770 2130 exse·

58 2160 251 2234 philosophos
274 2160 371 2215 minor
387 2161 518 2216 mundes
543 2169 674 2226 vocatur,
695 2164 727 2214 et
741 2157 793 2212 viri
809 2156 839 2211 in
856 2172 890 2211 ee
943 2169 1084 2229 quantur.
1103 2159 1168 2215 ideo
1184 2159 1282 2215 vivant
1299 2162 1387 2216 verba
1407 2176 1508 2217 eorum
1524 2162 1553 2216 in
1570 2162 1698 2219 silentio.
1716 2163 1772 2229 Qut

59 2250 155 2322 pauci,
166 2249 550 2322 rnembradequibustromo
560 2246 887 2321 ipeecentexitur‘lttum
944 2252 1041 2301 eutem
1057 2247 1092 2302 de
1105 2264 1135 2303 se
1148 2250 1300 2304 conlidens
1312 2248 1447 2322 princeps
1459 2250 1517 2306 sibi
1532 2267 1596 2306 esse
1609 2251 1734 2322 videtur,
1744 2252 1770 2309 si

58 2352 156 2397 autem
172 2341 283 2394 venerit
296 2341 437 2395 adversos
456 2356 521 2394 eam
535 2356 583 2394 rer
601 2355 726 2411 magnus
742 2334 888 2400 diabolas,
944 2333 1067 2408 loquens
1078 2334 1232 2394 clamando
1244 2339 1320 2395 male
1332 2339 1390 2395 vult
1402 2338 1443 2395 utl
1455 2340 1577 2411 ratione,
1591 2341 1684 2396 nescit
1694 2358 1773 2398 com·

63 2437 91 2486 ct
106 2429 255 2502 quesierit
270 2430 365 2485 locum
382 2447 431 2502 per
446 2446 533 2502 qnam
552 2431 644 2501 possit
658 2430 832 2501 irrumpere,
850 2428 891 2481 in·
945 2440 1061 2495 pescere
1074 2425 1231 2483 clamorem
1249 2444 1301 2500 per
1326 2429 1481 2498 rationem,
1497 2429 1549 2485 sed
1570 2431 1770 2488 tantummode

60 2522 178 2576 venitur
193 2521 222 2574 in
246 2536 280 2575 ea
304 2520 426 2575 humilis
445 2524 473 2575 et
496 2520 614 2592 sepiens
638 2523 666 2575 et
683 2519 729 2591 pia
753 2517 891 2589 cogitatio
944 2512 1160 2584 perclamcrem
1173 2517 1327 2573 confundit
1341 2517 1495 2574 rationem.
1513 2518 1649 2581 Quamvis
1662 2520 1701 2576 sit
1715 2520 1771 2576 isle

64 2609 213 2666 interioris
237 2609 377 2675 bominis,
394 2616 422 2664 et
446 2615 542 2665 servat
566 2610 668 2665 urbem
689 2625 752 2681 qua
768 2607 804 2662 ab
821 2606 891 2661 hos·
946 2603 1081 2677 princeps
1092 2607 1243 2662 conlidens
1254 2605 1321 2679 plus
1331 2608 1415 2678 justo
1426 2607 1455 2662 ia
1473 2624 1516 2675 se,
1533 2626 1592 2665 non
1608 2609 1681 2666 bene
1692 2609 1773 2666 audi-

63 2701 145 2755 tibus
172 2700 347 2771 cingeretur.
365 2703 495 2769 Gumque
518 2699 604 2755 tremo
629 2699 665 2754 de
680 2696 811 2770 periculo
832 2694 892 2751 sive
945 2696 994 2746 tur
1008 2693 1032 2749 si
1054 2694 1209 2752 clamando
1232 2694 1370 2767 loquatur
1399 2696 1530 2752 contusis
1552 2698 1650 2755 verbis
1677 2700 1772 2772 magis

64 2791 288 2862 persecutionis,
304 2792 363 2847 sive
380 2792 595 2862 angustiarum,
612 2790 672 2846 eive
687 2791 893 2860 cujuscunque
946 2799 1034 2854 quam
1050 2784 1224 2839 articulatis.
1238 2784 1402 2858 Talissaepe
1413 2787 1443 2841 in
1456 2785 1584 2843 Ecclesia
1599 2787 1713 2844 videtur
1724 2789 1774 2846 do·
1861 2826 1864 2831 <

63 2881 106 2937 rei
123 2883 250 2936 adverse
266 2887 353 2953 atque
371 2880 480 2953 peccati
498 2880 584 2935 luerit
605 2884 717 2943 erutus,
740 2879 826 2933 herne
843 2876 892 2932 ille
945 2887 1019 2939 ecre,
1037 2873 1088 2944 qui
1103 2873 1288 2930 vociferando
1310 2874 1454 2931 lenocinio
1471 2877 1635 2947 verberum,
1651 2877 1688 2933 ad
1703 2893 1772 2950 ges·

63 2973 189 3027 exterior
204 2970 253 3042 qui
270 2971 409 3026 inimicus
422 2979 464 3025 est
475 2969 554 3025 illius
567 2967 894 3041 pauperishominissa·
947 2966 993 3015 lus
1007 2960 1132 3017 rhetoris
1149 2963 1257 3035 trangit
1272 2980 1302 3020 se
1318 2968 1378 3020 telo
1392 2980 1521 3036 corpore.
1540 2964 1628 3020 Stulti
1645 2971 1774 3023 suntea-

66 3063 186 3133 picatis,
211 3078 269 3116 non
296 3060 464 3115 recordatur
490 3058 637 3115 interioris
665 3055 806 3123 hominis,
838 3071 891 3112 noc
947 3049 1056 3106 ditores
1070 3051 1135 3124 ejus
1148 3068 1154 3107 :
1168 3052 1277 3108 stultus
1289 3053 1353 3125 ipse
1364 3053 1468 3127 magis,
1481 3052 1532 3109 ille
1548 3070 1580 3110 ee
1594 3054 1775 3126 vendens,et

64 3150 164 3207 subdit
180 3167 210 3206 se
224 3148 354 3205 consiliis
369 3150 444 3218 ejus,
461 3148 512 3203 sed
528 3163 646 3203 rursum
664 3163 718 3202 sua
735 3146 842 3201 fruitur
857 3144 890 3200 li·
907 3103 928 3170 c
947 3156 1048 3196 emens
1062 3139 1127 3196 illos
1139 3141 1340 3214 applausibus.
1355 3143 1433 3198 Talis
1446 3159 1503 3198 non
1516 3143 1602 3217 rugit,
1615 3146 1665 3200 sed
1679 3145 1771 3202 rudit.

63 3241 182 3296 berteto.
979 3229 1068 3285 Vens.
1086 3231 1128 3285 le.
1146 3261 1180 3271 -
1199 3232 1300 3288 Melior
1313 3237 1353 3288 est
1367 3233 1516 3305 sapientae,
1532 3249 1618 3305 qaam
1635 3234 1772 3291 armabat

100 3326 209 3383 Aliter:
229 3328 319 3383 Parva
334 3327 446 3391 civitas,
459 3326 549 3381 etviri
564 3325 746 3395 ineapauei,
762 3325 890 3379 adcom·
947 3319 1022 3381 lica:
1042 3322 1068 3374 εἰ
1088 3321 1137 3392 qui
1156 3323 1185 3375 in
1212 3337 1266 3377 uec
1286 3321 1439 3394 peccaverit
1461 3323 1551 3378 multa
1573 3324 1645 3380 lacae
1667 3323 1775 3397 perdel.
1851 3308 1858 3317 ’

65 3416 247 3490 parationem
263 3417 353 3473 totius
380 3415 494 3483 mundi,
517 3413 647 3471 Ecclesia
671 3418 727 3482 est,
750 3412 891 3469 adversas
946 3407 1773 3485 Reverameliorestsepientiaviribus,equaprincipiurn

65 3523 154 3577 qnam
171 3524 248 3578 sape
268 3505 420 3576 consurgit
445 3521 494 3559 rex
510 3519 636 3575 magnus
660 3499 816 3558 diabolus:
833 3517 891 3555 non
947 3505 975 3553 et
991 3499 1077 3553 linem
1094 3499 1193 3554 omnia
1208 3499 1285 3556 bone
1300 3502 1456 3574 accipiunt.
1472 3503 1543 3569 Quis
1557 3502 1667 3558 amabit
1679 3503 1772 3560 Deum

63 3597 141 3667 quod
154 3613 279 3667 magnus
294 3595 342 3662 sit,
359 3594 408 3648 sed
419 3593 498 3664 quod
511 3607 650 3664 magnum
667 3605 731 3646 esse
742 3606 773 3645 se
780 3593 890 3660 jaelct3
947 3591 1009 3644 tota
1023 3588 1129 3653 anima,
1141 3593 1200 3645 tota
1212 3589 1329 3659 virtute,
1343 3591 1412 3647 totis
1425 3593 1547 3659 viribus,
1561 3593 1619 3648 nisi
1631 3593 1774 3666 sapiendo

62 3691 91 3739 et
102 3685 266 3739 circumdet
276 3700 341 3739 eam
352 3683 514 3747 obsidione,
526 3681 586 3735 sire
599 3678 821 3752 persecutionis,
833 3680 894 3734 sive
949 3678 1018 3750 quid
1031 3678 1158 3736 Deusest
1167 3679 1181 3735 t
1191 3685 1257 3736 lirae
1269 3684 1312 3736 cst
1322 3682 1456 3753 praecepti
1467 3682 1532 3753 finis
1545 3682 1571 3755 (1
1583 3683 1652 3738 Tim.
1665 3683 1697 3755 r),
1715 3683 1779 3739 iens

63 3773 122 3829 alio
136 3772 340 3845 aagrrstiarum
356 3787 475 3841 genere:
494 3770 608 3826 Invenit
621 3768 649 3824 in
662 3786 695 3824 ea
709 3769 805 3823 virum
822 3784 893 3839 pau·
949 3769 1096 3836 credendi,
1114 3770 1186 3826 sicui
1198 3771 1235 3826 ait
1246 3769 1354 3826 Paulus
1366 3772 1516 3844 apostolus
1528 3789 1593 3845 quae
1608 3790 1659 3845 pro
1675 3789 1775 3829 rerum

66 3861 805 3938 perem,etsapienternDominumnestrumtoeum
816 3861 896 3917 Chri·
950 3860 1116 3928 variamine,
1133 3861 1219 3917 modo
1233 3858 1361 3930 dilectio,
1386 3862 1471 3918 modo
1488 3861 1632 3935 sapientie
1648 3863 1708 3918 vult
1722 3880 1775 3936 op·

66 3959 147 4008 stum
164 3953 214 4025 qui
232 3970 282 4024 pro
304 3953 389 4009 nobis
407 3970 517 4026 pauper
541 3955 637 4009 lactus
652 3957 708 4022 est,
726 3955 753 4007 et
769 3951 831 4023 ipse
846 3966 895 4006 sa·
952 3947 1550 4023 pellari.igiluritasentiendumest,quod
1561 3958 1777 4024 propterunum

65 4044 193 4115 pientia;
208 4051 235 4098 et
246 4042 294 4097 ille
306 4042 350 4098 vir
360 4059 470 4113 pauper
481 4040 584 4096 liberat
596 4042 698 4096 urbem
709 4040 739 4094 in
751 4040 897 4111 sapientie
953 4045 1103 4112 peccalum
1121 4040 1221 4097 multae
1228 4042 1352 4113 justitia
1367 4046 1443 4098 retro
1460 4047 1591 4115 pereant,
1607 4047 1635 4099 et
1650 4042 1774 4101 invicem

66 4150 131 4190 sua.
163 4132 282 4196 Quoties
298 4132 426 4187 vidimus
449 4131 599 4188 sedentem
624 4130 739 4187 leonem
765 4130 794 4185 in
819 4129 896 4185 insi·
953 4146 984 4185 se
1000 4130 1123 4186 virtutes
1147 4131 1241 4202 sequi,
1258 4135 1287 4187 et
1307 4132 1358 4203 qui
1384 4148 1473 4188 unam
1498 4131 1643 4200 hebuerit,
1667 4131 1777 4191 hebere

67 4223 125 4278 diis
136 4238 203 4277 cum
216 4222 365 4289 divitibus,
380 4221 433 4278 lroc
445 4225 487 4278 cst
500 4237 567 4276 cum
578 4219 766 4277 senatoribus
778 4223 805 4275 et
817 4218 898 4291 prin·
954 4235 1069 4285 omnes,
1084 4223 1113 4274 et
1128 4218 1177 4291 qui
1194 4220 1222 4274 ia
1240 4236 1298 4277 uno
1314 4221 1483 4293 peccaverit,
1501 4237 1568 4277 eum
1584 4221 1721 4278 omnibus
1736 4220 1779 4276 vi·

67 4314 183 4384 cipibus
199 4313 289 4384 hujus
316 4311 425 4374 seculi.
446 4317 475 4367 el
498 4313 636 4368 adversus
658 4309 817 4366 Ecclesiam
833 4326 899 4364 mo·
955 4306 1005 4362 tiis
1020 4307 1169 4379 subjacere
1183 4309 1293 4379 (laen).
1312 4300 1544 4367 islisconeordat
1556 4311 1645 4368 etiem
1660 4320 1778 4368 senten·

69 4402 190 4458 licntcm
207 4401 344 4473 pauperis
361 4402 447 4457 istius
459 4401 634 4472 sapientiam
647 4399 802 4455 corruisse.
816 4402 901 4452 Crini.
955 4395 995 4450 tia
1011 4395 1262 4468 pbilosophorum.
1274 4398 1304 4454 Si
1315 4397 1422 4471 aliquis
1434 4399 1495 4455 vult
1507 4415 1608 4455 omnes
1622 4399 1711 4455 simul
1722 4399 1780 4457 vir·

67 4509 124 4563 que
141 4508 251 4563 pauper
264 4490 310 4545 hic
327 4490 438 4556 vicerit,
455 4494 483 4546 et
499 4489 564 4545 urbi
582 4506 637 4562 par
650 4489 736 4542 sumit
749 4489 897 4552 restituta,
919 4475 940 4539 [l
956 4489 1033 4541 tutes
1048 4484 1165 4556 habere,
1183 4503 1241 4542 una
1255 4487 1338 4543 dabit
1352 4493 1483 4559 cunctas,
1500 4493 1550 4544 aut
1565 4492 1685 4546 cunctas
1695 4488 1779 4547 tollet

67 4580 116 4634 via
131 4581 238 4649 aliquis
254 4579 317 4650 ejus
334 4578 480 4644 meminit,
505 4578 551 4631 vix
575 4575 655 4631 illins
672 4575 813 4630 mundata
829 4590 897 4630 con·
955 4591 1024 4630 una.
1049 4575 1183 4632 Prudens
1203 4585 1278 4632 certe
1297 4578 1399 4648 justas
1422 4578 1486 4645 erit,
1510 4582 1650 4635 constans
1669 4584 1698 4635 et
1714 4595 1777 4635 mo·

68 4670 188 4735 siderat,
205 4669 253 4724 sed
281 4674 355 4723 totos
378 4684 409 4722 se
435 4666 558 4722 luxurie
580 4670 610 4720 et
632 4662 774 4734 voluptati
795 4678 899 4718 conce·
954 4665 1056 4720 destas
1079 4662 1143 4720 erit.
1170 4667 1273 4720 iustos
1297 4665 1353 4722 erit
1376 4667 1505 4740 prudens
1529 4671 1558 4722 et
1580 4672 1719 4725 constans
1734 4673 1779 4725 at·

68 4759 183 4822 dentes,
208 4764 344 4828 quarunt
373 4755 488 4810 divitias
518 4770 582 4826 quae
600 4753 628 4808 in
646 4751 817 4808 necessitate
841 4767 898 4806 non
955 4753 1188 4827 quemodestus.
1206 4753 1776 4829 Prudensconstansquiounquejustus

72 4846 208 4902 liberant.
954 4843 1009 4898 erit
1024 4847 1052 4897 et
1067 4840 1226 4898 modestus.
1244 4842 1329 4899 Omni
1339 4859 1407 4916 ergo
1421 4843 1528 4902 virtute
1544 4849 1632 4914 caret,
1649 4845 1698 4918 qui
1715 4864 1779 4920 pec·

105 4935 193 4990 Vane.
209 4937 253 4990 17.
270 4967 302 4977 -
323 4936 406 4991 l‘erlre
427 4934 596 5007 sapientiam
620 4931 780 4988 audiantur
803 4932 834 4985 tn
859 4931 899 4985 si·

68 5024 152 5080 lencm
166 5026 327 5096 plusquam
351 5023 456 5079 clamor
479 5020 616 5093 principis
630 5023 704 5078 later
718 5021 828 5077 stultos.
844 5020 899 5075 Al-

69 5112 328 5168 terlremodistans
337 5109 596 5167 moribusalterius
606 5109 734 5165 hominis
745 5108 826 5164 vivit.
840 5108 900 5165 Ple-

71 5217 197 5270 rumque
215 5217 290 5256 unos
305 5202 402 5271 specie
415 5216 473 5256 nen
489 5198 557 5254 l'acit
573 5215 649 5254 unos
665 5197 815 5253 distantia.
832 5198 901 5268 Spe·

71 5287 774 5359 cialishominisspecicsestrationalis,aspecie
786 5285 901 5342 distans

72 5393 256 5450 quacunque
266 5376 378 5433 ratione
389 5381 498 5433 carent.
510 5377 563 5433 Sed
577 5381 691 5434 nonest
704 5373 900 5432 omnibusin·

70 5466 198 5523 dividuis
210 5467 312 5522 eadem
324 5466 426 5540 gratia,
440 5472 472 5522 ut
482 5467 580 5523 omnis
590 5463 774 5521 rationabilis
789 5462 901 5520 ratione

71 5559 197 5617 truatur.
214 5556 336 5631 Sapiens
351 5562 396 5614 est
412 5556 489 5614 enim
507 5557 677 5630 quicunqne
689 5553 839 5627 sapienter
854 5568 900 5611 re·

954 4931 1040 4987 calin
1056 4947 1123 4987 una.
1138 4931 1166 4986 Si
1176 4932 1258 4988 deest
1272 4931 1368 4989 tribus
1381 4939 1495 5007 quarta,
1510 4939 1570 4992 tres
1585 4935 1689 4992 adesse
1702 4934 1781 4994 dedi-

955 5025 1094 5094 guantur.

1280 5093 1397 5151 (itPU'l'
1416 5095 1451 5152 V.

990 5182 1132 5256 Loquitur
1150 5181 1300 5252 Scriptura
1318 5184 1419 5242 divina
1433 5201 1439 5242 :
1454 5186 1557 5244 Musica
1571 5204 1602 5244 aa
1627 5190 1714 5256 luctu,
1736 5190 1781 5244 in·

954 5275 1112 5342 tempestiva
1126 5274 1252 5328 narratio
1273 5275 1357 5340 lEccti
1371 5277 1451 5348 rxrr).
1467 5276 1549 5335 Unde
1564 5285 1593 5334 et
1608 5294 1673 5348 nos,
1694 5276 1783 5333 irater

955 5362 1129 5419 charissime
1143 5362 1274 5434 Gregori,
1291 5361 1418 5435 leporem
1446 5367 1519 5423 artis
1533 5367 1683 5423 rhetorica
1704 5381 1778 5421 con-

955 5455 1139 5517 tementes,
1151 5455 1180 5506 el
1202 5450 1323 5522 puerilis
1338 5459 1426 5526 alque
1437 5454 1602 5524 plausibilis
1612 5451 1722 5525 eloquii
1732 5468 1784 5509 vc·

955 5546 1117 5609 aventem,
1132 5539 1170 5597 ed
1185 5547 1358 5599 sanctarum
1373 5543 1591 5616 scripturaram
1605 5541 1780 5616 gravitatem
