3826 6014
58 235 122 295 ll'l'l
378 228 584 292 COMMENT.
602 225 639 289 ΙΝ
662 225 717 287 Xll
739 221 881 286 PROPH.
905 221 989 286 MlN.
1014 255 1052 270 -
1072 223 1112 286 ΙΝ
1136 224 1303 290 SOPHON.
1327 230 1403 292 LIB.
1428 230 1452 295 1.
1716 237 1777 301 678

57 365 111 423 lus
126 369 180 435 eat,
198 381 274 420 uuus
288 362 366 419 Deus
388 362 472 419 Pater
487 368 515 419 et
530 361 619 418 Filius
636 365 663 416 et
678 358 805 432 Spiritus
820 373 886 413 sau·
903 359 931 425 Α
946 357 1104 426 processit,
1121 361 1199 431 quud
1215 361 1316 434 regina
1331 364 1408 422 Saba
1433 365 1511 421 venit
1527 384 1543 422 a
1559 367 1667 426 linibus
1682 375 1776 443 terrae,

61 465 129 516 ctus
145 463 190 515 cst
209 455 353 515 indivisus
369 460 398 514 et
425 454 632 528 inseparabilis
657 452 773 526 imperii
788 468 848 519 rea,
864 453 893 506 at
949 444 1050 502 audire
1066 449 1241 519 sapientiam
1258 452 1424 510 Salomonis
1442 455 1490 526 (ΙΙΙ
1504 457 1568 528 Rea.
1584 458 1623 530 a).
1639 460 1778 535 Nunquid

60 550 111 606 bio
126 549 203 605 idem
220 548 284 622 ipse
300 554 355 616 est,
377 547 455 604 idem
473 550 625 620 permanet
639 537 895 614 incommutabilia
949 540 1058 606 autom,
1079 555 1096 594 o
1123 539 1194 612 lilia,
1219 557 1336 615 semper
1357 544 1433 616 nigri
1455 552 1542 600 erunt
1563 545 1605 602 illi
1629 548 1779 623 AEtbiopea

58 639 248 705 substantia,
263 637 481 694 etinvariabilis
497 637 589 693 animi
604 639 697 703 est,ct
709 651 767 689 una
778 645 896 703 semper
948 626 1097 699 supplices
1109 630 1177 699 mei,
1193 636 1283 688 auttu
1299 633 1602 708 sempcrAEtbiopissa
1618 640 1685 706 cris,
1699 647 1730 696 ut
1741 641 1780 697 sit
1893 678 1896 683 -

60 729 153 785 trium
167 744 355 800 personarum
365 725 452 782 unius
462 726 509 781 ttei
520 725 654 782 voluntas
666 728 720 780 eet.
733 722 805 778 Hinc
817 716 894 774 indi·
948 733 1065 791 semper
1075 723 1152 778 unde
1168 725 1339 782 erubescere
1355 727 1473 800 possiet
1487 730 1547 785 lino
1559 731 1627 787 audi
1643 733 1722 805 quod
1732 750 1778 790 so.

60 818 158 873 visum
176 816 331 887 imperium
349 816 447 884 habet,
464 816 533 888 quia
548 814 696 870 indivisus
719 815 748 867 et
762 808 894 866 invaria·
948 808 1065 881 quitur:
1083 832 1097 861 a
1111 815 1140 867 ln
1158 813 1205 870 die
1218 813 1269 870 illa
1285 831 1342 872 non
1356 817 1544 876 contunderis
1558 836 1647 891 super
1662 825 1778 879 cunctis

62 906 135 963 bins
147 907 270 979 ipaeest,
278 905 366 977 jum
381 904 451 960 illud
464 906 501 960 ab
514 903 577 976 ipso
589 903 719 959 dietum:
735 898 815 969 «Ego
827 910 893 952 sum
946 897 1204 959 adinventionibus
1218 903 1287 971 tuis,
1302 904 1410 977 quibus
1426 909 1611 980 prevaricata
1626 927 1657 967 ae
1673 912 1700 967 in
1717 929 1773 981 me,

56 998 109 1069 qui
122 1012 188 1051 sum
198 1018 211 1045 u
224 994 378 1067 (uantur).
405 992 530 1051 Proinde
541 991 675 1065 quodbic
686 989 767 1058 dicit,
779 1010 793 1038 ιι
806 994 836 1042 ut
846 984 893 1040 iu·
947 990 1016 1062 quia
1028 1008 1106 1049 nunc
1117 996 1249 1051 auferam
1259 997 1396 1055 demedio
1407 999 1450 1055 tui
1461 1000 1665 1077 magniloquos
1677 1020 1778 1076 super-

63 1091 166 1141 rocent
181 1100 279 1140 omnes
296 1100 400 1140 nomon
415 1081 537 1151 Domini,
549 1087 577 1139 et
589 1082 719 1138 serviant
733 1078 759 1135 ei
775 1077 893 1135 humero
948 1077 1108 1148 hieracae
1120 1098 1178 1138 non
1189 1083 1600 1160 adjicieseaaltariampliusiu
1610 1097 1776 1149 montesan-

61 1190 133 1242 uuo,
146 1197 160 1223 u
177 1172 338 1230 nibilnliud
350 1188 415 1229 esse
433 1172 560 1228 arbitror
572 1168 747 1243 quamquud
758 1163 893 1223 iuerntiu
947 1174 995 1228 cto
1006 1189 1102 1231 meo.»
1113 1173 1393 1249 Magnapromiaaio,
1404 1183 1777 1253 magnaconsolatio.llunc
1883 1164 1890 1177 ,

58 1263 172 1337 psalmo
187 1264 309 1331 dietum,
320 1266 499 1320 commutato
509 1261 652 1317 duntaxat
662 1259 764 1316 ordine
780 1260 895 1314 senteu-
946 1260 1064 1320 interim
1078 1270 1237 1338 antequam
1251 1269 1422 1343 veniatldice
1437 1270 1498 1342 ille,
1511 1272 1573 1330 dies
1589 1277 1781 1346 resurrectio,-

58 1356 168 1412 tiarum
182 1372 188 1410 :
202 1378 216 1406 ιι
230 1355 319 1425 Cujus
333 1353 517 1427 participatio
535 1353 598 1423 eiua
615 1351 644 1407 id
668 1350 808 1422 idipsum.
820 1345 892 1403 llluc
947 1350 994 1407 uis
1004 1368 1085 1423 mec,
1095 1355 1284 1414 contunderis
1295 1366 1322 1414 et
1339 1374 1395 1415 nou
1412 1361 1647 1436 absquere,{oum
1662 1365 1737 1423 dicis
1749 1372 1781 1425 et

58 1444 139 1504 enim
153 1445 349 1501 asceudcrunt
361 1443 562 1510 tribus,tribns
575 1437 892 1499 Domiuitestimonium
946 1442 1097 1500 confiteris
1121 1447 1214 1502 veraci
1231 1447 1414 1506 confessione
1434 1452 1584 1525 quidpiam
1602 1453 1671 1525 tale,
1687 1464 1717 1512 nt
1733 1457 1781 1515 eat

59 1534 160 1608 lsrael,
170 1535 205 1590 ad
222 1535 422 1591 confitendum
435 1530 669 1590 nominiltomini
680 1552 694 1581 a
712 1527 890 1601 (Pratum).
945 1529 1017 1588 illud
1029 1533 1126 1589 lsaiae:
1138 1555 1152 1584 ιι
1165 1534 1246 1591 Sicut
1256 1552 1372 1608 pannus
1384 1538 1575 1598 menstruata
1585 1545 1781 1615 omuesjusti·

62 1616 894 1695 NamiuvocarenomeuDomini,quidaliudeatnisicouli·
945 1621 992 1677 tic
1008 1626 1115 1679 nostre
1133 1625 1321 1697 illectans).
1340 1631 1456 1684 atvero
1481 1629 1511 1685 in
1528 1629 1580 1687 illa
1601 1633 1646 1687 die
1661 1633 1702 1691 lla
1717 1652 1776 1693 non

59 1710 893 1778 terinouriniDominidtbuicDominonumerounoservi-
908 1740 931 1807 Β
947 1713 1013 1783 erit,
1040 1714 1198 1785 praesertim
1216 1720 1248 1771 ut
1263 1715 1321 1787 liet,
1338 1718 1416 1788 quod
1431 1734 1510 1776 nunc
1525 1720 1661 1793 promitto
1677 1723 1731 1780 tibi
1745 1724 1776 1782 in

61 1826 103 1880 re,
114 1808 272 1881 quidaliud
283 1809 390 1865 estnisi
403 1799 893 1880 «participatioejuainidipsum?a
951 1802 1311 1877 prophetisetinPaalmia,
1324 1807 1394 1879 quia
1408 1808 1555 1866 «criticus
1567 1814 1779 1884 patensdomui

61 1900 244 1971 Sequitur:«
260 1896 330 1954 Utra
348 1897 469 1953 llumina
482 1896 632 1968 AEtbiopiae
652 1894 721 1950 inde
744 1891 894 1965 supplices
950 1890 1051 1962 David,
1068 1897 1097 1949 et
1118 1893 1316 1952 babitantibus
1343 1896 1523 1956 Hierusalem
1546 1899 1576 1956 in
1598 1900 1778 1962 ablutionem

62 1983 893 2062 meifiliidisperaorummeorumdelerentmunusmilii.»
950 1983 1778 2062 peccatoriaetmeaatruata»(zact.nrr).undeerttavtd
1841 1994 1846 2004 '

58 2077 87 2134 Si
99 2078 140 2136 ita
152 2077 292 2135 dixisset:
306 2071 895 2149 Quinluncrcddampopulameolubium
949 2071 1026 2128 bona
1045 2088 1097 2145 spe
1120 2073 1271 2131 exsultans
1297 2075 1409 2149 Spiritu
1436 2085 1557 2136 sancto:
1581 2082 1708 2153 Asparata
1720 2101 1776 2153 me,

61 2170 194 2238 electum,
210 2178 240 2224 ut
261 2169 373 2224 invocet
392 2183 491 2224 nomen
507 2167 628 2231 bomini,
646 2169 759 2237 putaret
777 2167 808 2219 ut
823 2179 894 2220 con·
948 2160 1261 2238 iuquit,«byssopo,et
1272 2165 1453 2237 mundabam
1467 2166 1642 2241 lavabismc,
1654 2176 1778 2246 etsupsr

66 2259 201 2317 tenderet
210 2260 225 2315 J
231 2261 331 2316 udaeus
342 2259 377 2314 de
389 2275 421 2315 ae
431 2256 635 2314 tantummodo
650 2270 715 2312 esse
728 2254 852 2322 dictum,
863 2256 895 2309 ut
949 2250 1208 2310 nivemdealbabor
1217 2255 1323 2325 »grat
1333 2255 1661 2330 a).llquidem,quumvis
1672 2262 1776 2320 etalibi

66 2349 246 2407 contendero
263 2348 438 2419 solet,quasi
449 2347 616 2404 lndaeorum
627 2345 666 2403 sit
681 2351 756 2401 Deua
767 2347 893 2411 tantum,
948 2341 1043 2399 dicat:
1062 2363 1077 2394 a
1091 2344 1271 2401 Acceditead
1287 2362 1365 2416 cum,
1377 2345 1636 2422 avilianiaanini,
1647 2357 1676 2410 et
1688 2352 1777 2411 iacias

68 2443 98 2496 at
113 2456 171 2495 non
185 2439 270 2495 etiam
285 2438 426 2505 acutium.
440 2437 525 2494 Nunc
539 2441 637 2492 autem
653 2451 718 2491 cum
733 2433 814 2501 dicit,
829 2434 893 2488 red·
948 2437 1050 2489 vestrm
1061 2449 1118 2490 uon
1134 2434 1353 2492 contundentur
1365 2461 1380 2489 a
1392 2439 1478 2508 (Paul.
1491 2442 1620 2513 xxxviii),
1636 2443 1777 2502 tamenin
1887 2478 1890 2483 -

66 2528 132 2585 dum
143 2529 264 2601 populis,
279 2544 385 2600 negare
400 2544 457 2583 non
472 2525 648 2600 potestquin
659 2533 686 2581 et
700 2525 736 2580 de
747 2522 813 2579 aliia
824 2537 894 2578 cura
948 2522 1081 2593 prasenti
1093 2522 1161 2590 vita,
1175 2525 1312 2598 quamvis
1327 2528 1419 2583 utitur
1430 2529 1545 2585 mortali
1561 2531 1739 2602 conditione,
1749 2537 1779 2592 et
1892 2546 1896 2553 “

72 2619 128 2675 Deo
144 2617 193 2687 eit,
210 2618 388 2689 quodetiam
405 2615 711 2687 aliundejamdudum
737 2610 894 2687 providerit
947 2610 1078 2668 nondum
1104 2615 1209 2685 plenus
1224 2618 1270 2670 est
1295 2615 1324 2672 iu
1351 2621 1378 2672 te
1394 2617 1456 2674 dies
1481 2618 1530 2676 illc
1552 2622 1776 2680 resurrectionis

69 2707 125 2764 sibi
142 2706 220 2764 Deus
235 2708 417 2763 consessores
432 2705 560 2762 nominis
576 2704 632 2770 aui,
648 2711 675 2760 et
689 2705 730 2759 ita
744 2708 807 2758 est:
825 2717 892 2758 nam
947 2717 1027 2770 mcae,
1045 2702 1194 2761 erubescis
1209 2704 1297 2761 modo
1314 2706 1542 2778 quodam,juxtn
1553 2709 1625 2766 illud
1639 2727 1646 2767 :
1659 2713 1774 2778 «Quem

67 2799 145 2854 ultra
159 2797 264 2869 inquit,
278 2795 399 2869 naeniae
412 2797 569 2868 AEtlriopiae,
586 2796 613 2851 ld
629 2801 670 2850 est
686 2793 717 2850 in
732 2793 801 2866 fines
818 2791 893 2847 artta
946 2806 1014 2863 argo
1028 2792 1155 2848 tructam
1171 2792 1317 2851 habuistis
1332 2800 1413 2864 tuno,
1430 2798 1459 2852 in
1475 2797 1584 2869 quibus
1600 2800 1775 2857 erubescitis

67 2893 162 2955 terrac,
179 2887 363 2954 subauditur,
380 2887 469 2943 exibit
482 2902 563 2942 conus
580 2882 791 2956 predicationis
804 2898 891 2938 evan·
946 2896 1024 2936 nuuc
1035 2901 1050 2931 a
1062 2881 1150 2954 (Rom.
1164 2882 1217 2955 vr);
1231 2883 1280 2939 sed
1296 2884 1353 2939 ista
1363 2884 1627 2958 conlusioglorinm
1640 2889 1772 2957 adducit,

68 2975 169 3049 getica
185 2977 274 3050 (Paul.
291 2979 382 3045 nvru),
399 2981 427 3032 et
442 2976 520 3044 inde,
536 2991 553 3030 o
568 2973 639 3041 filia,
656 2972 701 3028 cui
716 2971 829 3043 loquor,
845 2968 891 3027 cui
945 2974 973 3026 et
988 2969 1052 3043 ipsa
1067 2971 1188 3028 omnino
1200 2974 1374 3030 succedente
1386 2972 1477 3048 gloria
1489 2977 1688 3049 pertransibit.
1699 2981 1773 3035 Cum
1844 3020 1847 3025 .

64 3068 130 3125 dico
145 3072 282 3141 exspecta
307 3085 363 3136 me,
387 3073 415 3124 et
429 3069 475 3124 eui
498 3067 631 3137 protinus
651 3064 784 3120 dicturus
798 3074 888 3119 sum:
945 3060 1023 3115 anim
1040 3059 1151 3116 venerit
1165 3060 1318 3133 plenitudo
1339 3062 1420 3120 illius
1439 3064 1506 3133 diei,
1526 3065 1676 3139 plenitudo
1703 3082 1774 3124 mess

66 3183 80 3209 ιι
98 3159 205 3224 Lauda,
219 3157 276 3213 lilia
287 3158 375 3225 Sian;
392 3156 526 3212 lactarent
537 3153 689 3210 enariltain
701 3154 780 3211 omni
791 3120 927 3222 corde,C
947 3149 1188 3219 resurrectionis;
1215 3167 1281 3208 oum
1303 3154 1515 3210 resurrexerint
1539 3156 1681 3225 membra,
1697 3155 1775 3213 sicut
1813 3177 1816 3187 ·

67 3247 127 3305 lilia
137 3247 318 3304 Hierusalem
332 3265 338 3315 ;
350 3270 362 3296 n
375 3246 489 3316 deinde,
502 3245 632 3316 inquam,
645 3242 680 3299 de
691 3241 893 3298 llnibuaterra
946 3243 1034 3309 caput
1049 3240 1217 3311 resurrexit,
1234 3242 1368 3313 nunquid
1380 3244 1541 3300 recordatio
1558 3244 1712 3317 praeteritae
1727 3245 1772 3302 ui·

65 3337 410 3413 supplicesmei,srilicet
422 3333 893 3409 apostoli,delerentmibimunus
945 3326 1075 3399 grediuis
1091 3329 1252 3401 quidquam
1267 3331 1368 3387 alleret
1391 3332 1583 3391 confusionis.
1608 3336 1670 3393 lmo
1692 3336 1777 3395 locu·

64 3431 265 3503 dispersorum
285 3444 429 3499 meorum,
452 3424 540 3483 idest
555 3426 704 3498 dispersos
728 3441 809 3481 meos
824 3441 895 3480 con·
946 3417 1173 3489 plotisaimaerit
1187 3419 1307 3476 materia
1322 3421 1497 3478 cantationis
1510 3423 1575 3496 ipsa
1586 3424 1773 3484 miseriarum

68 3522 235 3595 gregabuut
250 3520 278 3575 in
293 3536 397 3588 uuum,
414 3517 491 3591 quod
508 3516 580 3573 milii
597 3515 699 3588 utique
714 3516 770 3572 erit
785 3531 895 3570 manua
946 3505 1121 3576 recordatio,
1136 3508 1219 3578 juxta
1236 3506 1328 3567 illud:
1347 3532 1358 3559 ι
1378 3508 1593 3568 Misericordias
1608 3513 1725 3570 Domini
1741 3515 1773 3572 in

67 3628 220 3686 magnum.
237 3612 403 3668 tlocsciens
416 3608 678 3682 evangelistarum
694 3611 771 3674 esset,
787 3605 893 3677 iuquit,
947 3617 1087 3668 aternum
1108 3614 1254 3669 cantabo»
1264 3614 1634 3692 (Paat.axxx111).Nunquid
1644 3620 1772 3679 velotius

65 3694 894 3775 aCaiphnspontilenanniilliusprophetavit,quia.lcsus
946 3702 1013 3774 qais
1028 3701 1209 3774 improbrare
1234 3706 1340 3775 poterit
1355 3706 1419 3773 tibi,
1436 3707 1514 3778 quod
1541 3713 1571 3764 tu
1593 3709 1774 3782 AEtbiopissa

64 3794 224 3851 moriturus
240 3798 302 3851 erat
315 3795 472 3864 progente,
488 3795 516 3847 et
529 3807 587 3846 non
603 3793 718 3845 tuntum
735 3804 786 3859 pro
797 3791 894 3859 genta,
947 3790 1047 3853 lucris.
1064 3790 1107 3846 vcl
1124 3790 1196 3847 mihi
1217 3794 1294 3864 quod
1311 3794 1521 3868 AEtbiopissam
1547 3812 1665 3855 araurem
1681 3801 1774 3857 duxe-

66 3883 118 3940 sed
134 3889 165 3940 nt
180 3883 257 3939 lilios
271 3881 335 3950 Dei,
352 3881 401 3955 qui
417 3885 501 3937 erant
513 3879 648 3952 dispersi,
665 3883 853 3952 congregaret
864 3877 893 3933 iu
947 3879 1001 3937 rim
1012 3879 1025 3936 ‘l
1038 3880 1103 3937 Jam
1120 3883 1241 3939 llariarn
1254 3887 1369 3955 operuit
1389 3888 1520 3943 candens
1536 3888 1616 3960 lepra
1631 3894 1773 3962 tanquam

66 3991 180 4032 uuumn
193 3975 284 4040 (lona.
296 3973 345 4043 ar).
358 3970 487 4041 lloctibi,
500 3988 516 4027 o
528 3970 596 4038 filia,
611 3987 663 4039 pro
675 3984 895 4043 magnaoonso·
946 3970 1007 4037 nix,
1023 3974 1051 4026 et
1065 3977 1146 4026 extra
1167 3978 1264 4029 castra
1288 3984 1382 4032 manet
1409 3987 1518 4048 septem
1545 3979 1659 4048 diebus,
1676 3997 1726 4051 pro
1741 3995 1775 4037 ao

64 4065 176 4122 latione
200 4064 310 4120 dictum
334 4069 396 4118 est:
423 4060 497 4129 Quia
518 4061 542 4117 si
566 4077 600 4116 ex
623 4064 651 4116 te
676 4059 817 4125 exierunt,
843 4057 894 4131 qui
947 4059 1024 4133 quod
1043 4061 1235 4118 murmuravit
1261 4069 1365 4119 contra
1385 4063 1496 4128 Mosen,
1514 4073 1632 4140 propter
1655 4084 1775 4126 uxorem

65 4155 106 4212 tui
121 4170 184 4210 esse
200 4154 376 4220 debuerunt,
405 4151 457 4206 tilii
482 4149 626 4218 scelerati,
646 4165 744 4205 seman
767 4164 893 4220 nequam
947 4150 1011 4219 ojus
1035 4148 1244 4221 AEtbiopissam
1266 4150 1359 4222 (Num.
1385 4153 1446 4224 nu).
1464 4153 1506 4221 lte,
1535 4158 1566 4208 ut
1590 4155 1779 4212 manifestius

63 4245 143 4316 (leui.
161 4244 192 4308 rt,
222 4240 418 4298 nibilominus
447 4238 744 4310 multiplicaberis,et
769 4237 799 4293 in
825 4238 894 4295 llliis
947 4237 1123 4309 dicam,jurn
1139 4239 1323 4313 synagogam
1337 4241 1778 4317 irnmuaditinsuainiquitatis

63 4331 220 4400 laetaberis,
237 4329 287 4403 qui
304 4330 432 4403 prolecta
448 4329 564 4385 venient
578 4327 614 4383 de
629 4327 725 4400 longe,
741 4327 818 4400 quod
833 4345 893 4383 ma·
947 4326 1027 4383 omni
1042 4325 1150 4384 scoulo
1166 4335 1265 4385 natam
1277 4330 1354 4396 lecit,
1371 4333 1528 4404 projectam
1545 4350 1600 4389 non
1614 4332 1712 4391 solum
1728 4350 1779 4392 se·

63 4422 169 4493 guillae
181 4420 376 4494 significatur,
392 4417 535 4475 dicendo:
553 4416 630 4475 Ultra
645 4415 764 4487 fluurina
787 4418 893 4475 AEtlio·
947 4416 1077 4473 cundum
1101 4416 1231 4474 animam
1255 4419 1289 4476 de
1302 4435 1390 4493 regno
1416 4422 1477 4487 Dei,
1502 4423 1707 4480 verumetiam
1728 4440 1776 4481 ae·

61 4516 133 4587 piae,
151 4528 209 4569 non
226 4511 303 4583 quod
329 4511 365 4567 de
381 4511 444 4567 sula
467 4511 594 4567 debeant
614 4509 759 4580 AEtbiopia
784 4509 894 4576 venire,
910 4501 933 4567 D
948 4506 1079 4562 cundum
1096 4522 1203 4579 eorpus
1217 4507 1378 4566 decivitate
1389 4510 1537 4584 attempta
1548 4513 1698 4584 quondam
1710 4511 1775 4582 Dei,

65 4620 134 4662 eum
152 4618 204 4676 per
218 4602 309 4659 aliurn
327 4601 499 4673 prophetam
520 4603 665 4660 utineam:
682 4623 697 4652 ιι
714 4601 785 4656 Ecce
801 4598 849 4655 isti
865 4599 900 4684 de
954 4601 981 4648 et
996 4593 1066 4650 ioris
1083 4600 1192 4664 maaet,
1219 4601 1315 4652 mente
1329 4603 1358 4653 at
1372 4614 1490 4672 corpore
1518 4601 1652 4673 dispersa
1672 4618 1778 4659 secun·

66 4692 289 4764 lougcveuient,
303 4697 331 4747 ct
342 4707 407 4747 cccc
417 4690 458 4746 illi
471 4692 508 4749 nb
524 4691 662 4765 aquilone
677 4694 706 4746 et
716 4688 800 4759 mari,
812 4695 839 4746 ct
853 4688 900 4744 istl
955 4682 1025 4738 dum
1041 4683 1113 4740 illud
1128 4701 1135 4741 :
1151 4684 1278 4757 Disperge
1292 4685 1357 4742 illos
1371 4689 1512 4745 invirtute
1525 4691 1675 4762 teutpert.
1692 4690 1780 4762 av1u),

48 4770 53 4776 ’
75 4783 111 4838 de
125 4785 205 4836 terra
220 4777 339 4836 australi
359 4801 372 4829 a
387 4779 463 4850 (lsai.
480 4783 568 4850 nara),
584 4779 634 4836 sed
651 4794 708 4852 quo
724 4776 899 4834 universitas
954 4778 982 4827 et
996 4773 1088 4830 donee
1113 4780 1314 4847 pertranseant
1336 4783 1448 4850 septem
1473 4778 1546 4849 dies,
1570 4779 1598 4835 id
1628 4785 1673 4836 eat
1688 4781 1781 4836 donec

68 4869 201 4944 gentium
215 4874 333 4942 proptor
344 4869 488 4939 tenebras,
503 4869 531 4925 iu
542 4870 750 4941 quibuserant,
766 4866 900 4939 ignoran-
954 4862 1106 4937 plenitudo
1121 4865 1252 4937 gentium
1267 4865 1461 4936 subintroeat,
1478 4884 1535 4924 non
1552 4870 1734 4926 revocabitur
1748 4869 1781 4928 in

69 4960 124 5029 tia,
141 4968 168 5016 et
184 4964 301 5034 propter
316 4959 549 5031 persecutionem
567 4958 733 5030 principum
743 4956 788 5014 vel
800 4963 898 5030 tyran·
952 4953 1130 5024 costrahaec,
1148 4970 1198 5027 pro
1213 4972 1247 5011 eo
1260 4956 1337 5027 quod
1350 4956 1527 5030 improperat
1541 4959 1594 5016 tibi
1608 4959 1650 5016 vel
1667 4958 1783 5034 suppli·

70 5066 175 5108 noriam
191 5047 471 5122 reetesignilicetur,
488 5066 539 5122 per
553 5048 680 5119 impetus
691 5047 859 5115 lluminum,
871 5052 899 5105 ct
953 5046 1036 5103 cibus
1054 5045 1121 5110 tuis,
1138 5045 1214 5118 quod
1231 5044 1379 5117 AEtbiopes
1396 5048 1515 5117 luerint,
1531 5055 1560 5106 et
1576 5051 1648 5109 mihi
1665 5053 1700 5109 de
1715 5050 1784 5109 tali·

70 5153 122 5210 per
137 5135 319 5210 nigredinem
335 5135 604 5208 AEtliiopire.Simul
619 5142 648 5192 et
663 5133 823 5207 plurimum
838 5134 899 5191 lau·
952 5137 1008 5193 bus
1023 5150 1077 5208 ego
1102 5131 1258 5190 Ecclesiam
1275 5139 1488 5209 conjunxerim.
1506 5141 1621 5207 Quanto
1642 5143 1736 5215 magis
1751 5140 1783 5198 ia
1884 5134 1887 5139 ’

70 5227 116 5285 dis
131 5229 182 5284 dat
198 5227 382 5299 supplicibus
402 5229 465 5283 suis
486 5228 561 5299 quod
579 5234 758 5283 transmeare
773 5223 897 5283 debeant
952 5224 1134 5298 plenitudino
1150 5221 1229 5279 illius
1244 5223 1312 5291 diei,
1328 5224 1358 5281 in
1380 5229 1594 5288 resurrectione
1609 5230 1783 5301 universali,

71 5316 195 5375 flamina
218 5317 380 5392 AEtbiopin,
396 5324 425 5374 et
439 5317 545 5374 deinde
560 5318 615 5374 sibi
632 5319 818 5386 dispersarum
832 5333 895 5373 auu·
950 5330 1034 5370 ornae
1049 5330 1082 5370 os
1098 5313 1365 5372 obstructumerit?
1381 5317 1507 5377 Praedrco
1522 5322 1587 5391 tibi,
1598 5344 1612 5371 ιι
1625 5337 1697 5393 quia
1712 5324 1783 5376 tuna

69 5424 132 5465 rum
145 5425 248 5465 manaa
262 5408 385 5477 deterre,
402 5407 429 5463 id
450 5411 495 5462 eat
509 5408 640 5464 omnium
658 5406 894 5479 persequentium
949 5402 1781 5483 aulonamdemediotuimagniloquossuperbiatunpvsci·

67 5501 259 5571 tyrannorum
274 5497 415 5556 sevitiam
427 5513 613 5571 exsuperare,
625 5503 654 5554 et
665 5497 824 5554 llcolasiam
836 5496 894 5554 sibl
948 5496 1016 5560 licet
1031 5493 1103 5550 istos
1119 5491 1169 5565 qui
1186 5508 1217 5549 se
1232 5492 1335 5552 dicunt
1348 5495 1466 5556 ludaeos
1486 5516 1561 5567 essa,
1577 5504 1607 5556 et
1621 5515 1678 5556 non
1696 5503 1780 5570 sunt,

66 5586 256 5662 degentibus
278 5588 433 5659 adducere,
449 5589 613 5647 secundum
629 5593 730 5662 typum
746 5586 840 5659 quiin
857 5603 891 5645 ea
947 5587 998 5645 sed
1015 5587 1084 5641 sunt
1099 5581 1129 5638 in
1156 5581 1311 5657 Synagoga
1333 5585 1446 5643 satana
1467 5603 1533 5647 vere
1555 5587 1741 5661 magniloqui
1754 5593 1784 5649 et
