3826 6014
60 206 114 271 153

377 213 583 278 comment.
606 217 644 278 ΙΝ
667 217 722 279 XII
744 216 887 279 PROPH.
910 218 993 280 atta.
1017 248 1056 265 -—
1076 219 1116 282 IN
1138 220 1247 283 OSEE.
1271 221 1345 284 [ΑΒ.
1367 220 1418 285 IV.

1700 224 1759 287 tet

58 345 85 397 ia
96 341 232 411 rapientia
256 360 318 398 mea
333 344 467 415 intellexi,
479 352 506 403 et
530 349 634 405 abstuli
651 352 781 407 terminer
795 366 885 422 popu·
897 353 925 421 Α
940 350 980 407 tia
995 358 1022 407 et
1032 368 1098 408 oum
1111 354 1254 425 profundo
1271 353 1461 428 malignitatis
1476 353 1595 412 oonsilio
1611 355 1759 414 mendacia

60 430 181 491 larome!
190 435 332 503 principes
347 451 441 492 eorum
456 439 707 509 depraedatoriam
723 439 827 513 (ibici).
837 442 884 495 tli-

63 537 161 576 miram
173 522 212 576 ita
228 523 391 592 gloriando,
408 527 450 582 sic
462 544 493 582 se
509 529 673 591 exaltando,
684 531 831 586 amicalem
854 539 883 586 ut

60 612 115 681 jam
130 613 241 667 dietum
256 620 311 678 est,
336 632 424 685 sapor
437 619 628 688 semetipsam
653 620 883 692 indignationem

62 699 184 767 adduxit,
206 717 270 772 quas
302 705 439 774 protinus
464 707 627 763 intentatur
646 709 675 764 in
703 725 767 764 eum
788 710 884 765 verbis

63 792 135 848 istie:
162 790 277 860 Propter
303 793 353 848 ltoc
378 797 471 849 mittet
494 795 650 853 dominator
682 799 754 853 Deus
776 800 885 855 enerci-

63 877 130 933 luant
141 880 170 934 in
185 882 338 950 pinquibus
366 885 427 954 rjus
447 885 620 949 tenuitatem.
635 892 662 943 et
680 889 776 943 subtus
789 887 883 956 pluria

10 984 12 995 ·
64 967 250 1031 timaurernsa
265 971 373 1027 ardebit
396 989 476 1044 quast
502 977 653 1033 cornlruttto
679 979 751 1049 cquis
775 977 881 1050 (ibid).

64 1060 122 1113 Cum
135 1060 269 1131 igitarsio
286 1064 473 1119 vehementer
483 1082 579 1122 sermo
592 1068 781 1140 propheticus
793 1084 884 1123 enan·

65 1148 126 1203 liat:
149 1151 379 1224 lpreeoaq'rtnqct
402 1153 556 1211 simulacra
579 1172 685 1227 rorum,
714 1170 740 1214 ct
768 1158 883 1230 depopu-

67 1238 229 1295 labitururaa
255 1258 362 1310 earum,
380 1245 456 1301 idem
481 1263 546 1302 esse
575 1247 776 1321 intelligamus
806 1265 839 1304 aa
856 1245 882 1304 si

15 1388 18 1393 ¹
67 1326 222 1386 diremtum
239 1349 345 1389 manus
369 1334 497 1391 hostium
521 1336 646 1403 excelsa,
672 1344 720 1394 sed
737 1336 881 1393 Dominus

938 443 1117 506 construitis,
1134 453 1159 498 et
1171 446 1338 517 arrogantia
1362 445 1508 516 depravati
1532 446 1708 515 prophetatio
1723 448 1759 504 de

938 532 1076 590 cordibus
1092 534 1215 604 vostris3
1233 553 1329 591 veram
1354 542 1451 591 autem
1467 543 1495 591 et
1519 536 1618 591 utilem
1632 539 1755 609 propha-

939 623 1009 679 liuta
1024 623 1185 697 intelligere
1198 644 1252 681 non
1269 626 1366 682 vultis.
1385 625 1549 698 loquimini
1563 626 1649 682 latter
1661 625 1758 699 qualia

939 714 1097 783 potiusnon
1112 714 1231 787 eligitis,
1244 717 1392 788 loquimini
1405 719 1487 772 urrba
1498 715 1609 771 visionis
1626 715 1755 774 inutilia:

939 819 1006 858 nam
1025 803 1108 859 utilia
1122 809 1210 861 verba
1225 805 1303 876 loqui
1314 806 1450 878 velaigna
1463 810 1624 877 laceroque
1637 808 1759 877 prosint,

938 908 1034 963 neque
1049 909 1100 948 voa
1115 896 1521 967 quarrtismequedatumaat
1532 896 1761 967 permissumest

937 981 1030 1038 vobis.
1045 983 1202 1038 Sciendum
1221 985 1329 1057 quippe
1345 986 1379 1040 da
1392 984 1665 1057 pseudoprophetis.
1682 985 1759 1057 quod

937 1071 1005 1127 etsi
1022 1072 1182 1144 aliquando
1204 1076 1301 1129 lutura
1316 1075 1459 1137 divinant,
1483 1074 1556 1130 nibil
1577 1081 1674 1131 tamen
1692 1074 1761 1131 utile

938 1162 1124 1234 prophetant,
1141 1171 1169 1219 et
1184 1163 1252 1220 lieet
1266 1165 1407 1220 nonnulla
1423 1167 1507 1237 signa
1522 1171 1551 1222 et
1567 1165 1700 1238 prodigia
1718 1166 1761 1221 ie·
1860 1156 1864 1161 ¹

937 1253 1012 1308 cisse
1026 1251 1071 1308 val
1089 1254 1190 1309 l'arturi
1208 1271 1272 1311 asse
1284 1255 1504 1328 legantunntbil
1520 1255 1761 1311 tamanuttlitatis

937 1339 1054 1410 aliquod
1072 1357 1172 1396 eorum
1190 1345 1307 1414 signum
1322 1344 1428 1399 habere
1443 1344 1661 1413 comprobatur.
1678 1340 1761 1398 Unde

68 1417 883 1500 lecitheaomnialpsoattuaoperrtseyriosronlregit
936 1429 1108 1485 ollaannes
1131 1431 1161 1485 in
1188 1431 1357 1504 Apocalypsi
1374 1449 1438 1488 oum
1468 1433 1614 1488 dixisset:
1643 1432 1760 1500 tarsacii

66 1514 88 1560 et
99 1508 288 1579 depopulatas
304 1524 358 1576 eat,
374 1520 402 1568 et
417 1513 522 1570 driade
539 1533 590 1586 per
606 1515 754 1573 llomaaos
765 1520 881 1573 ounlra-
934 1518 1015 1587 tiqnn
1024 1536 1135 1590 mappa,
1148 1529 1173 1577 et
1200 1523 1304 1576 reducit
1318 1521 1471 1578 habitantes
1499 1524 1528 1577 in
1544 1527 1628 1589 terra,
1649 1527 1761 1592 propter

65 1602 153 1652 oturus
166 1607 227 1655 erat
239 1600 396 1656 earnalacra
412 1620 512 1658 eorum
525 1613 553 1658 at
567 1605 800 1678 depopulaturus
814 1623 880 1662 aras
934 1606 1015 1675 riqno
1031 1624 1094 1680 qaae
1116 1609 1182 1665 data
1197 1617 1263 1666 eunt
1276 1611 1324 1667 illi
1347 1617 1438 1682 tacere
1452 1614 1482 1666 in
1507 1617 1648 1682 conspectu
1662 1611 1760 1668 bestia·

64 1701 159 1754 aarum,
176 1688 272 1759 quiae
287 1690 376 1746 domo
388 1694 476 1747 itavid
495 1702 690 1761 recesserunt,
701 1696 767 1768 quia
785 1696 879 1752 litium
898 1698 1026 1799 B(ripae.
1047 1704 1119 1763 ant).
1135 1699 1274 1755 Eamdem
1291 1700 1441 1773 signorum
1464 1700 1698 1772 magnitudinem
1712 1715 1761 1754 va·

63 1776 142 1833 nand
155 1777 304 1835 Christum
330 1782 548 1839 erucifixerunt.
565 1785 657 1848 Quam
688 1788 724 1842 ab
737 1787 881 1842 causam?

58 1869 112 1924 rlit:
128 1868 197 1937 Quin
208 1886 283 1925 nunc
298 1871 399 1941 dicent,
431 1890 486 1929 non
501 1885 539 1930 est
557 1892 607 1931 rex
630 1875 718 1934 nobit.
732 1877 792 1932 Non
806 1881 881 1937 enirn

58 1960 174 2013 timemur
190 1960 349 2027 ltonrinmn,
366 1967 452 2018 elrex
465 1965 532 2037 quid
546 1967 630 2033 factet
651 1970 738 2022 nobis.
755 1970 881 2028 Grandis

57 2046 188 2104 nimirum
200 2056 230 2104 el
244 2050 403 2107 vehemens
419 2070 507 2109 causa
523 2055 723 2113 damnationis
738 2065 794 2123 est,
811 2062 881 2132 quia

56 2136 155 2207 dicere,
180 2155 236 2194 non
251 2144 290 2195 ert
308 2157 359 2196 ree
374 2142 461 2210 nobie,
479 2149 508 2199 et
530 2146 583 2200 hoe
602 2148 785 2217 peccantium
809 2167 877 2206 can·

54 2226 200 2283 scientiam
218 2229 326 2298 dicare,
350 2232 493 2288 nonenim
518 2242 647 2292 timemur
669 2239 827 2307 Dominum,
850 2241 880 2298 id

51 2323 91 2372 eat
102 2319 287 2390 propositum
305 2320 448 2378 habemas
465 2339 523 2378 noa
539 2324 643 2381 timere
668 2326 837 2396 Dominum,
850 2333 880 2386 ei

52 2405 170 2478 proinde
185 2424 251 2465 cum
263 2414 378 2466 tumore
407 2413 503 2469 cordis
522 2414 612 2481 ellari,
634 2431 683 2471 rex
704 2416 773 2488 quid
791 2418 879 2477 laniet

52 2495 133 2553 aoltis
153 2500 403 2568 quemadmodum
430 2503 561 2558 dixerant
589 2505 693 2576 prius:
727 2506 794 2576 Quae
813 2525 879 2578 pare

53 2587 126 2641 nobie
143 2585 175 2642 in
192 2588 291 2656 Dauid,
308 2590 351 2646 uel
364 2605 427 2661 qum
442 2592 587 2648 baereditas
616 2595 648 2649 in
662 2594 721 2665 filio
732 2596 790 2651 itui
800 2595 814 2652 i
826 2600 879 2668 qttt

52 2674 110 2745 aeq.
126 2678 193 2746 art.)
220 2677 303 2734 Sicut
325 2681 404 2735 enim
421 2682 474 2737 hoo
495 2681 537 2737 illi
560 2683 703 2750 dixerant,
729 2685 772 2741 sio
787 2692 816 2742 et
830 2704 878 2744 se·

53 2783 154 2838 quares
170 2768 439 2829 illotamadversus
450 2790 549 2830 rerum
566 2775 653 2831 ltarid
667 2777 772 2833 dietari
783 2785 877 2836 erant:

50 2859 182 2914 notamus
212 2859 284 2916 launo
313 2879 430 2932 rcqnore
457 2881 541 2932 anper
566 2867 797 2940 noritonam).
822 2871 878 2926 lloo

49 2950 117 3005 enirn
133 2952 247 3022 apertis
268 2953 390 3009 vocibus
405 2954 666 3013 conclamaverunt
680 2958 720 3012 ila
736 2959 880 3025 ut,dicea-

50 3037 186 3104 naitano,
203 3057 302 3113 regam
320 3048 449 3098 vestram
466 3045 876 3119 crucifigamrespouderunt:

936 1802 1016 1856 nam,
1033 1794 1183 1861 totamque
1198 1788 1332 1845 inutilem
1358 1792 1418 1846 loro
1441 1788 1608 1857 insinuans,
1623 1786 1762 1845 determi-

936 1879 1033 1932 nando
1049 1878 1091 1934 sio
1103 1887 1159 1933 att:
1187 1883 1229 1934 tta
1245 1889 1274 1934 ut
1293 1878 1378 1935 etiam
1407 1879 1497 1950 iqnem
1512 1884 1612 1952 pareret
1638 1882 1673 1934 de
1695 1879 1762 1934 coelo

935 1965 1099 2023 descendere
1111 1967 1140 2022 in
1151 1975 1255 2024 terram
1274 1986 1302 2025 m
1318 1975 1465 2039 consperto
1488 1971 1633 2025 dotcrinam
1652 1967 1761 2040 (ibici.)-

935 2056 1010 2120 Ouid
1024 2057 1103 2113 enim
1118 2058 1255 2116 utilitatis
1271 2059 1367 2128 habet,
1383 2059 1480 2131 ignom
1498 2060 1526 2114 in
1540 2065 1697 2131 conspectu
1709 2059 1760 2115 bo·

936 2147 1049 2203 minum
1061 2147 1104 2203 vel
1122 2165 1209 2217 saper
1221 2149 1351 2205 homines
1360 2151 1395 2204 de
1405 2166 1471 2205 aere
1483 2149 1757 2205 ministeriodaamo·

936 2241 1019 2293 niaoo
1050 2237 1176 2294 eadere?
1200 2239 1350 2310 Ejusmodi
1381 2240 1466 2312 signa
1494 2257 1552 2296 non
1578 2245 1648 2296 sunt
1677 2239 1757 2295 itttas

934 2328 1061 2399 generis,
1077 2329 1163 2399 cujus
1179 2328 1229 2383 illa
1244 2347 1307 2402 qua
1319 2330 1552 2386 nobiaDomiuus
1564 2328 1761 2402 inarmatipso

934 2417 1098 2489 designavit
1115 2435 1121 2474 :
1135 2419 1399 2491 Euatcspnqutana,
1411 2422 1574 2475 renuntiate
1587 2417 1690 2476 ioanni
1698 2432 1761 2491 quae

933 2503 1050 2561 curtialia
1075 2509 1101 2562 el
1125 2506 1243 2562 viciniis.
1269 2508 1338 2564 Caci
1366 2507 1475 2578 uident,
1490 2508 1584 2568 claudi
1604 2509 1761 2574 ambulant,

934 2594 1037 2666 leprosi
1068 2594 1248 2661 mundantur,
1276 2596 1358 2651 surdi
1385 2596 1512 2665 audiunt,
1541 2598 1644 2653 mortui
1668 2613 1759 2653 resur-

933 2688 1013 2756 qunl,
1028 2702 1162 2757 pauperes
1177 2687 1403 2758 eutrnqeliaanlur
1417 2687 1526 2756 (ttatrt.
1550 2688 1600 2759 ιι).
1620 2689 1683 2744 ttae
1700 2687 1758 2743 ati·

934 2772 973 2830 lia
989 2779 1069 2845 aunt,
1084 2774 1161 2831 sieut
1184 2781 1213 2831 et
1236 2777 1324 2832 verba
1345 2776 1418 2849 ipsa.
1437 2778 1546 2850 quibus
1564 2784 1681 2849 propter
1696 2777 1757 2832 heo

933 2866 1035 2921 eadem
1056 2865 1140 2939 signa
1150 2873 1263 2937 tastum
1279 2875 1322 2922 est
1346 2863 1423 2922 credi
1437 2885 1443 2935 ;
1455 2883 1507 2924 vas
1530 2874 1641 2933 autem,
1658 2884 1675 2924 o
1691 2883 1757 2939 pro·

934 2952 1028 3024 phetae
1068 2952 1225 3009 vitulorum
1266 2955 1353 3027 (quos
1383 2954 1537 3011 ieratiaam
1578 2955 1655 3020 feeit,
1684 2970 1758 3027 quos

934 3040 1071 3114 Ephraim
1097 3043 1209 3107 catuttt,
1226 3042 1373 3117 loquimini
1391 3045 1477 3100 verbu
1507 3046 1621 3101 visionis
1635 3043 1759 3099 inutilis.

51 3126 99 3182 iou
115 3129 250 3186 babemus
261 3148 356 3204 rcqem
375 3136 434 3189 taisi
458 3134 596 3191 cautorem
610 3136 704 3208 [toan.
724 3138 794 3209 mx).
813 3108 916 3196 l’ro·C
935 3132 1077 3203 quoniam
1094 3132 1232 3190 itavaltis
1248 3141 1275 3189 et
1289 3135 1398 3190 ferietis
1414 3134 1699 3197 tudusaaaanrtimr
1714 3150 1761 3191 ne·

53 3216 116 3274 lecto
132 3219 194 3275 lane
215 3222 349 3279 dicentes
382 3223 490 3294 pariter
516 3242 634 3298 qaoque
660 3227 809 3290 dicebant,
825 3247 884 3287 non
935 3239 1082 3296 quoquflffl
1100 3240 1166 3279 0⁰1⁰
1181 3222 1248 3289 02⁰,
1260 3225 1310 3279 sed
1323 3241 1389 3280 ⁰¹1OE
1404 3224 1761 3298 mendacimquemadmo·

54 3307 256 3365 enitatirnemus
270 3312 458 3381 neminemid
476 3315 719 3387 estprapositum
737 3317 884 3374 trahebant
934 3313 1004 3367 dam
1031 3320 1057 3368 et
1080 3314 1172 3369 isaias
1202 3314 1311 3369 talibus
1333 3314 1507 3372 illusoribus
1522 3313 1610 3372 dicit:
1640 3315 1760 3371 Dretrtie

56 3413 105 3453 aaa
120 3401 224 3456 timere
240 3400 411 3470 Dominum,
430 3420 487 3459 nan
506 3411 622 3477 portare
634 3408 741 3465 timore
756 3410 821 3481 ejas
835 3410 884 3482 ju·
933 3405 1008 3458 enirn
1022 3421 1029 3459 :
1045 3405 1237 3460 Percurrirnut
1247 3405 1406 3473 toetluscnm
1419 3413 1518 3466 morte.
1530 3413 1556 3462 et
1571 3422 1632 3462 eum
1650 3409 1762 3477 interno

58 3502 139 3559 gutn;
153 3494 203 3546 aed
221 3492 437 3548 contumaciter
451 3494 619 3567 dirumpere
632 3502 660 3552 et
672 3499 883 3570 projieereom-
932 3497 1047 3567 fecimus
1069 3499 1187 3565 pactum.
1219 3494 1370 3567 Flagellum
1395 3495 1614 3552 inundantium
1637 3499 1757 3552 transie-

60 3577 105 3633 aia
120 3584 232 3638 aiaoula
247 3589 415 3639 sanatorum
428 3586 492 3654 ejus
510 3587 882 3647 mandatorummtmtram
933 3585 1037 3641 ritnon
1053 3585 1143 3641 ueniet
1164 3602 1247 3658 super
1260 3602 1319 3655 not,
1341 3588 1406 3658 quia
1419 3589 1561 3657 potuimus
1580 3588 1760 3644 mendacium

60 3670 103 3723 nbi
120 3673 295 3729 conscientia
311 3673 427 3731 rebellis
440 3691 504 3731 sese
518 3676 569 3732 tali
595 3683 623 3733 et
640 3685 719 3735 tanta
741 3695 882 3752 praesum·
934 3674 985 3731 tto
994 3687 1213 3744 emmeramum,
1234 3684 1260 3732 et
1277 3676 1421 3732 mendacio
1440 3676 1558 3747 protecti
1583 3693 1679 3732 suitur
1694 3679 1757 3741 (lea.

59 3760 504 3835 ptioneinduit,aonsequabatur
520 3771 552 3821 ut
565 3767 694 3824 dicerunt
709 3771 797 3826 etiam
812 3771 878 3839 hoo,
933 3776 1044 3830 xxrntt.
1066 3763 1242 3834 Huiusmodi
1268 3762 1361 3819 t'oedus
1379 3764 1497 3833 leniatis,
1521 3774 1548 3820 et
1565 3773 1683 3837 propter
1705 3765 1760 3822 hoa

60 3854 141 3905 eirea
152 3852 219 3926 quid
233 3852 317 3923 tociet
333 3853 435 3909 nobiti
449 3857 690 3929 Cottaequebatur
706 3863 883 3931 namque,at
932 3851 1110 3926 germinabit
1126 3852 1211 3924 quasi
1225 3852 1390 3908 amaritudo
1409 3853 1566 3924 judicium,
1581 3859 1613 3908 ut
1625 3852 1760 3909 videlieet

60 3955 148 4012 regem
164 3942 441 3998 contemnareatDei
453 3943 682 4017 Filium,quibus
694 3949 876 4020 propositum
933 3942 1027 4000 loedus
1043 3950 1171 3999 vestrum
1184 3943 1324 4011 deleatur,
1340 3941 1408 3999 etin
1431 3942 1603 3999 inimicitias
1619 3943 1761 4015 implaca-

58 4036 104 4096 nt,
115 4047 173 4086 uon
190 4031 292 4088 timere
307 4031 400 4090 Deum
427 4032 527 4106 Neque
550 4052 628 4092 earm
652 4053 708 4093 non
724 4037 879 4111 ignorare·
932 4032 1006 4088 bites
1021 4037 1217 4098 convertatur,
1235 4032 1343 4104 fiatque
1357 4032 1440 4088 vobis
1462 4031 1541 4088 siout
1555 4031 1664 4089 ibidem
1680 4031 1759 4105 apud

58 4125 130 4183 runt,
144 4122 195 4176 sed
212 4130 279 4177 caat
291 4129 455 4192 ⁴mpseruut
468 4137 495 4178 et
509 4124 644 4180 oderunt.
659 4125 740 4181 Unde
754 4127 815 4199 ipse
832 4144 882 4183 rex
931 4125 1068 4180 eumdem
1083 4125 1187 4180 isaiam
1200 4122 1342 4179 Dominus
1356 4122 1427 4179 dicit
1440 4140 1446 4177 :
1459 4123 1491 4179 at
1505 4122 1643 4179 subvertet
1653 4122 1759 4193 qrnndo

56 4212 224 4282 reprobatus
239 4213 274 4267 ab
290 4211 411 4280 eisdem,
428 4213 604 4283 dicentibus,
614 4219 641 4271 et
655 4232 705 4272 rex
718 4219 784 4290 quiri
795 4219 879 4289 pariet
930 4229 1005 4279 apem
1026 4211 1175 4283 mendacii,
1200 4219 1229 4269 et
1241 4216 1440 4285 protectionem
1466 4228 1546 4287 oquae
1571 4213 1758 4270 inundabunt.

55 4302 222 4365 ntn.cam
252 4305 394 4361 dixisset:
412 4304 441 4361 Si
470 4322 623 4380 operanon
641 4309 769 4379 iecissem
799 4313 881 4368 ineis
932 4304 965 4359 El
987 4301 1125 4359 delebitur
1151 4303 1239 4375 ΜΨ
1259 4307 1378 4359 velitum
1402 4320 1463 4360 cum
1488 4309 1760 4376 noctemnoctem

54 4407 110 4463 quae
124 4409 203 4449 nemo
217 4394 292 4450 alias
303 4393 379 4463 fecit,
395 4400 535 4467 peccalum
550 4414 607 4452 non
627 4398 768 4469 haberent,
784 4401 877 4457 eonti-
930 4400 1125 4449 vestrumcurn
1138 4393 1248 4463 inferno
1262 4410 1320 4448 non
1336 4394 1429 4448 tiabit.
1452 4393 1605 4461 Flagellum
1619 4391 1760 4448 inundant

56 4497 108 4538 aaa
120 4484 295 4555 subjanxit:
309 4484 387 4539 Nunc
412 4492 505 4540 autem
515 4496 541 4541 et
567 4487 695 4543 vitiarunt
722 4494 748 4544 ιι
761 4488 881 4547 atterum
896 4474 917 4539 [l
933 4499 995 4539 cum
1008 4482 1151 4539 transierit
1164 4485 1242 4539 eritis
1256 4481 1284 4539 ei
1298 4483 1329 4538 in
1339 4483 1574 4540 conculcationem
1586 4482 1689 4553 (ibid).
1703 4486 1760 4538 eto.

56 4575 80 4626 ct
93 4583 169 4629 meet
183 4580 294 4645 patrem
308 4589 400 4628 meum
415 4574 504 4643 (teca.
521 4580 578 4647 xv).
595 4575 718 4650 Propter
738 4578 803 4646 hoo,
814 4595 881 4636 ecoe
934 4577 995 4630 Hoo
1008 4574 1154 4645 judicium
1171 4573 1351 4647 germinabit
1367 4575 1461 4630 itatius
1475 4570 1762 4645 vestrum‚ait‚quael

54 4660 114 4732 ipse
123 4663 270 4719 destruxit
287 4663 447 4719 simulacra
473 4665 601 4721 auaritiae
616 4682 728 4733 eoram,
748 4675 777 4724 et
794 4669 881 4741 depo·
935 4665 1144 4730 amarituda‚id
1156 4669 1202 4721 eat
1216 4670 1245 4720 ut
1263 4681 1327 4720 rere
1339 4665 1557 4729 amaritudmut
1571 4679 1638 4719 vere
1660 4679 1761 4721 amara

52 4752 231 4823 pulatasesi
253 4750 397 4824 templum
429 4756 562 4810 etaltare
591 4771 704 4813 eorum.
727 4757 881 4814 Hisdiotis
935 4754 1126 4825 radix‚juxta
1141 4752 1216 4809 illud
1234 4753 1415 4827 Moysis2Ne
1429 4752 1545 4824 porterit
1569 4751 1643 4809 inter
1657 4768 1703 4808 voa
1718 4754 1761 4808 uir

53 4841 157 4898 iterum
182 4843 233 4915 qui
250 4840 424 4914 loquebatur
439 4844 474 4900 ds
489 4844 573 4916 ipsis,
598 4847 823 4902 convertiturad
841 4847 882 4920 ip·
934 4854 986 4902 aut
1009 4842 1127 4912 mulier,
1146 4844 1259 4915 {amilio
1283 4853 1331 4899 aut
1356 4843 1443 4899 tribus
1464 4843 1543 4914 cujus
1563 4859 1609 4898 cor
1632 4857 1760 4898 auersum

52 4948 110 4995 ros,
121 4939 151 4987 et
163 4931 236 4987 dicit
249 4950 257 4989 r
275 4933 433 5004 loquimini
444 4933 527 4989 uerbo
536 4934 653 4991 tricionis
664 4937 786 5006 inutilia,
798 4944 824 4992 et
837 4938 879 5007 se·
934 4943 982 5001 est,
998 4937 1028 4988 al
1039 4933 1121 4989 vadat
1143 4938 1170 4988 et
1183 4935 1285 4989 seruiat
1299 4932 1354 4988 otte
1381 4931 1518 5002 gentium,
1544 4942 1573 4988 et
1584 4933 1619 4987 ait
1629 4933 1703 4989 inter
1716 4946 1760 4988 vot

52 5024 127 5079 rietie
139 5024 241 5094 preclua,
254 5032 280 5079 et
293 5023 460 5095 qcrrninabit
474 5025 553 5097 quari
568 5023 725 5081 amaritudo
736 5025 879 5095 ⁸iudicium
934 5023 1018 5079 rorice
1045 5023 1203 5095 qerminam
1229 5022 1266 5094 qel
1289 5032 1315 5079 et
1339 5023 1555 5078 amaritudinem
1589 5022 1760 5079 servitutem

52 5114 322 5186 ruperauicoeoqri.
354 5112 540 5169 Manifestum
556 5121 600 5170 est
628 5113 687 5182 bio,
714 5131 781 5170 oum
797 5115 877 5184 dicit,
935 5112 1056 5169 dearum
1082 5111 1256 5177 alienorum.
1284 5111 1437 5183 etllayses
1465 5110 1591 5167 radicem
1610 5111 1681 5168 dixit
1696 5128 1762 5169 esee

52 5203 441 5277 taqatadnaaontnperium
455 5202 641 5274 valentiana
656 5205 879 5278 permissionem
934 5209 1122 5277 generantem
1140 5201 1175 5256 iel
1201 5206 1231 5258 et
1258 5200 1483 5257 amaritudinem
1511 5200 1601 5266 tileut.
1626 5206 1714 5274 xxtx).
1731 5203 1762 5259 lit

50 5312 113 5352 ease
127 5295 311 5363 indignantis
326 5300 355 5351 et
382 5295 562 5351 aversionem
592 5297 776 5357 dimittentis.
794 5304 827 5353 at
841 5299 880 5353 sil
933 5293 999 5362 iste,
1016 5309 1084 5349 oum
1099 5290 1231 5357 dixisset,
1248 5296 1276 5347 et
1296 5291 1475 5364 germinabit
1489 5295 1574 5365 quasi
1595 5294 1760 5349 amaritudo

48 5402 172 5444 masas:
190 5386 256 5444 Jam
276 5386 400 5443 docendi
417 5402 474 5441 noa
486 5387 557 5442 ostis
570 5389 639 5459 qaid
663 5389 734 5445 utile
750 5389 801 5457 sit,
817 5388 878 5447 sive
929 5383 1076 5455 judicium
1090 5399 1177 5454 supet·
1191 5380 1290 5438 sulcos
1306 5380 1517 5455 agri,uidelicet
1533 5391 1702 5440 remaneant
1715 5383 1760 5435 in-

49 5478 187 5535 moaendi
205 5492 239 5533 ut
266 5476 354 5534 utilia
377 5475 556 5549 loquamiai;
580 5493 631 5531 vos
650 5476 727 5533 enirn
754 5496 811 5535 non
828 5495 879 5552 per
935 5472 1016 5540 oulti,
1032 5470 1237 5529 caltorilmein
1262 5472 1459 5543 captivitatem
1486 5473 1593 5543 ductis,
1619 5471 1758 5526 continuo

45 5564 384 5645 ignorantiamorrando
400 5566 516 5625 inutilia
530 5564 696 5639 loquimini,
714 5567 766 5625 sed
781 5574 876 5627 soien-
934 5563 1104 5638 subjunxit:
1135 5563 1238 5621 Vaccae
1261 5562 1399 5622 Bctltauen
1427 5564 1573 5622 coluerant
1593 5560 1760 5619 tatrmtorec

10 5716 26 5863 ἱ
