3826 6014
137 194 216 259 1555
698 180 1062 257 annumeraberis
1085 183 1318 255 immersis.
1803 190 1878 253 {ese

137 323 252 390 timuit,
266 322 412 396 cespitqus
427 322 527 396 margi.
545 323 640 380 «Cum
651 321 730 380 enim
739 319 841 376 sedere
851 314 963 372 inatrlo
977 316 1006 383 Α
1020 319 1052 371 ut
1068 319 1257 386 mentiantur,
1273 321 1325 377 sad
1339 320 1428 390 diest,
1444 336 1502 379 oon
1518 336 1591 379 sum
1604 319 1778 395 propheta,
1790 320 1877 383 home

139 429 207 472 oum
223 410 379 480 ministris,
396 415 428 467 ut
443 411 502 483 jam
519 411 629 468 dictum
646 415 703 482 est,
719 408 843 466 accessit
857 407 968 461 adeum
1021 404 1148 479 agricola
1159 423 1212 481 ego
1223 426 1301 475 sum,
1315 409 1456 483 quoniam
1469 411 1564 468 Adam
1578 408 1768 483 exemplum
1778 427 1875 471 meum

143 521 200 561 una
215 500 459 570 aneillsostiaria,
476 501 576 558 dicens
591 505 645 560 :lit
662 507 693 557 tu
718 516 784 558 cum
805 499 872 555 lesu
894 493 970 552 Dali-
1021 492 1058 549 ab
1073 494 1280 555 adnleseentia.
1297 499 1330 555 ut
1344 500 1509 557 diceturai:
1524 498 1874 575 Quidsuntplsgasiste

145 592 198 650 leo
213 608 290 649 ersa.
306 594 341 647 tu
356 590 404 648 ille
420 597 536 665 negavit
550 609 649 650 coram
671 590 821 659 omnibus,
843 588 967 645 dicens:
1021 580 1050 637 in
1068 584 1231 643 mediorum
1250 604 1391 645 manuum
1408 589 1597 646 tuarumillt
1611 589 1720 647 dicet:
1737 593 1794 647 His
1811 592 1871 661 pls·

143 683 246 741 Nescio
260 681 330 754 quid
347 681 571 739 dicisolterum
584 683 620 738 ab
631 682 689 739 alia
700 675 968 738 similiterventila-
1021 678 1108 744 gatus
1122 691 1187 731 sum
1203 676 1232 731 in
1250 678 1343 735 medio
1359 699 1373 729 n
1388 679 1478 753 [Volo.
1491 679 1592 754 domo]
1607 695 1725 738 eorum
1745 680 1872 753 quidili-

142 771 802 840 tusaneille,dixit:«Nonnovibominem.
831 789 843 820 s
871 766 968 824 Tertio
1020 762 1130 833 sebast
1147 781 1192 820 me
1206 765 1336 837 titios.»
1354 766 1406 824 llis
1422 767 1624 840 premissis«
1654 771 1801 838 Frsmes,
1827 772 1869 828 io·

142 863 179 921 ab
193 863 240 918 hig
255 863 305 935 qui
321 863 447 934 stabant,
463 878 566 933 magno
579 868 662 919 venio
675 862 834 935 impulsus,
851 881 865 908 o
881 855 969 930 coepit
1021 852 1096 923 quit,
1113 855 1191 911 susci
1208 861 1270 912 tare
1285 874 1373 929 super
1388 863 1532 931 pastorem
1551 868 1705 930 meum,et
1721 878 1822 935 super
1834 864 1868 919 vi·

142 951 279 1008 detestari
295 956 324 1007 et
335 953 446 1021 jurare,
463 951 531 1022 quia
548 968 605 1007 non
622 951 752 1007 novisset
767 948 929 1005 homiuem.
951 967 965 997 n
1021 956 1087 999 rum
1103 943 1294 1003 coherentem
1312 946 1395 1013 mihi,
1411 947 1482 1003 dicit
1498 947 1647 1005 Dominus
1660 952 1868 1009 exercituum·

141 1039 214 1098 Cum
230 1039 270 1096 ita
285 1039 420 1111 caepisset
435 1039 539 1111 mergi,
554 1039 701 1103 clamavit,
718 1037 820 1095 dicens
848 1053 855 1092 :
875 1055 886 1084 ι
912 1039 968 1090 Do·
1022 1031 1141 1088 Percote
1156 1040 1318 1106 pastorem,
1334 1042 1363 1093 at
1378 1037 1586 1111 dispergentur
1607 1054 1686 1096 ovas
1715 1040 1826 1113 (semi.
1852 1063 1865 1097 ι

141 1129 232 1196 mine,
248 1128 362 1185 salvum
379 1145 425 1185 me
442 1129 485 1184 iac
500 1128 603 1201 (llottb.
619 1129 687 1200 xiv).
711 1149 725 1177 a
749 1126 831 1183 Gallo
858 1125 968 1199 quippe
1024 1120 1132 1177 Deinde
1144 1124 1337 1196 subsequitur
1348 1145 1356 1195 ς
1369 1148 1382 1177 n
1396 1126 1429 1182 ut
1439 1131 1607 1185 convertam
1623 1145 1759 1186 manum
1772 1148 1864 1190 meam

143 1229 289 1291 cantante,
298 1217 710 1288 recordatusverbilesuquod
718 1217 841 1280 dixerat,
849 1216 969 1288 «prius-
1023 1211 1059 1267 ad
1077 1212 1225 1285 parvulos,
1241 1221 1271 1271 et
1285 1220 1371 1272 erunt
1384 1215 1413 1272 in
1430 1218 1508 1275 omui
1521 1223 1613 1289 terra,
1629 1218 1866 1280 dieitDominus

143 1333 231 1391 quarn
246 1312 342 1388 gallus
357 1312 514 1372 cantet,ter
526 1323 572 1364 ms
585 1307 715 1380 negabis,
728 1321 864 1378 agressus
879 1307 968 1373 iores,
1022 1306 1120 1372 partes
1135 1302 1211 1369 dua,
1226 1308 1255 1360 et
1270 1303 1484 1378 dispergentur,
1500 1311 1528 1363 st
1542 1306 1702 1378 deficient,
1731 1314 1765 1366 at
1783 1312 1865 1368 tertia

144 1405 222 1463 [levit
236 1417 344 1459 amare.
362 1421 377 1450 a
388 1398 518 1470 Denique
532 1398 575 1453 sic
591 1396 669 1463 llere,
681 1396 735 1453 boc
752 1396 805 1451 luit
828 1395 967 1460 clamare,
1023 1407 1090 1463 pars
1104 1391 1284 1463 relinquatur
1300 1393 1328 1449 in
1344 1411 1388 1464 es,
1413 1400 1442 1452 et
1463 1395 1566 1452 ducam
1592 1397 1724 1455 tertiam
1752 1406 1864 1474 partem

144 1499 173 1552 et
187 1492 377 1550 salvationem
392 1501 530 1558 quaerere.
547 1485 583 1543 Ut
595 1485 636 1541 ita
651 1483 802 1555 clamaret,
814 1487 966 1556 respectus
1023 1494 1074 1551 per
1088 1479 1198 1553 ignem,
1209 1487 1238 1538 et
1251 1499 1336 1540 uram
1354 1500 1414 1552 eos,
1430 1484 1507 1542 sicut
1522 1486 1623 1543 uritur
1636 1494 1817 1563 argentum,
1838 1498 1864 1547 et

146 1585 214 1642 lecit
228 1579 398 1647 salvatoris,
409 1592 494 1649 quem
507 1577 601 1632 Lucas
611 1575 813 1631 venerabiliter
827 1574 970 1645 expressit
1024 1569 1154 1642 probabo
1170 1587 1220 1629 eos
1230 1573 1307 1628 sieut
1315 1574 1454 1646 probatur
1464 1591 1581 1632 aurum.
1593 1578 1667 1650 lpse
1677 1579 1804 1636 vocabit
1815 1597 1863 1636 no·

146 1674 247 1731 diceus
264 1688 271 1730 :
289 1693 304 1723 o
320 1673 354 1725 ut
368 1683 527 1725 conversus
542 1665 695 1731 Dominus,
711 1663 838 1738 respexit
849 1664 967 1720 Petrum
983 1686 1008 1755 B
1023 1675 1089 1716 meu
1106 1676 1215 1729 meum,
1232 1667 1260 1718 at
1270 1679 1324 1737 ego
1334 1663 1484 1721 exaudiam
1496 1680 1573 1724 eum.
1586 1665 1697 1725 Dicam
1713 1667 1863 1743 :Populus

144 1763 221 1835 (lac.
237 1760 318 1831 uu).
334 1779 348 1810 a
366 1757 521 1828 Postquam
547 1756 714 1822 resurrexit,
740 1775 756 1806 a
769 1754 845 1810 sicut
868 1757 899 1810 et
921 1752 969 1808 hie
1027 1766 1111 1806 maus
1126 1766 1168 1819 es,
1184 1756 1212 1807 at
1226 1752 1288 1825 lpse
1302 1752 1379 1810 diost
1395 1770 1402 1808 ι
1418 1754 1561 1811 Dominus
1576 1755 1662 1812 Deus
1680 1773 1780 1815 meus.
1792 1759 1861 1816 llece

146 1852 281 1927 predixit
296 1868 303 1909 :
320 1850 477 1922 Postquam
493 1851 592 1904 autem
610 1863 794 1904 resurrexero
810 1846 972 1920 praecedam
1025 1838 1142 1895 venient
1157 1840 1220 1897 dias
1234 1844 1361 1909 Domini,
1377 1846 1407 1899 et
1422 1842 1588 1900 dividentur
1603 1843 1708 1918 spolia
1725 1847 1757 1903 io
1774 1849 1864 1906 medio

144 1959 197 1999 vos
212 1943 240 1998 in
258 1941 421 2003 Dotitaeam,
439 1958 453 1988 a
469 1936 603 2008 apparuit
618 1936 655 2002 ei,
672 1935 749 1992 sicut
764 1936 792 1990 in
818 1935 974 2004 Evangelio
1025 1928 1069 1984 tui
1084 1929 1177 2001 (lact.
1194 1947 1256 1997 xru,
1272 1932 1342 2004 xiv).
1358 1937 1414 1988 eto.
1429 1932 1534 1989 Totum
1552 1931 1629 1990 illud
1643 1935 1813 2009 prophetia
1824 1954 1865 1995 cs·

147 2032 278 2103 ejusdem
295 2035 377 2086 Lucu
392 2026 603 2097 scriptumest,
620 2025 760 2097 quiaduo
774 2024 974 2097 exdisoipulis
1027 2018 1661 2094 pitulumillustratnobis,utjsmdietum
1680 2033 1740 2099 est,
1773 2028 1866 2086 brevis

147 2144 162 2173 r<
189 2119 311 2191 regressi
334 2119 363 2174 in
387 2114 566 2173 Hierusalem
592 2115 767 2170 invenerunt
783 2119 974 2187 congregatos
1027 2109 1172 2166 sententia
1188 2110 1249 2167 hren
1265 2112 1427 2169 scintillans
1443 2114 1478 2169 de
1493 2122 1610 2186 pectore
1636 2119 1668 2172 et
1694 2132 1750 2175 ore
1776 2119 1868 2192 ipsius

148 2209 334 2275 undecim,et
344 2221 394 2263 ens
405 2205 453 2275 qui
469 2220 536 2259 com
548 2202 717 2273 ipsiserant,
729 2203 860 2258 dicentes
872 2219 879 2256 :
891 2202 973 2269 Quod
1029 2197 1154 2265 Domini,
1174 2220 1188 2251 a
1201 2199 1229 2254 in
1247 2217 1304 2273 quo
1319 2206 1390 2257 sunt
1404 2218 1507 2259 omnes
1518 2200 1657 2259 thesauri
1673 2206 1834 2277 sapientis
1845 2211 1872 2264 et

147 2297 273 2354 surrexit
288 2294 428 2351 Dominus
452 2308 529 2361 vare,
553 2296 581 2347 et
606 2296 740 2363 apperuit
762 2292 872 2347 Simoni
895 2297 974 2363 (Luc.
1027 2286 1595 2363 scientisabscondititdolosr.u),ndum
1607 2295 1872 2366 praemisso,·om·

149 2389 237 2456 xxiv).
254 2407 270 2436 a
286 2385 343 2442 Sed
356 2388 384 2439 at
397 2381 518 2456 angelus
529 2383 652 2453 loquens
664 2381 848 2450 mulieribus,
859 2380 974 2439 hunein
1029 2392 1082 2435 nes
1095 2394 1146 2435 vos
1161 2378 1334 2435 scandalum
1352 2381 1502 2453 patiemini
1519 2381 1547 2437 in
1557 2383 1870 2444 meistanoctessub·

150 2477 272 2535 nomine
287 2474 470 2531 consolatum
485 2489 550 2529 esse
564 2471 657 2528 voluit
671 2471 805 2541 dicendo,
822 2474 871 2528 sed
890 2495 903 2525 ι
925 2473 974 2541 ite,
1023 2468 1123 2542 jungit
1139 2485 1145 2524 :
1162 2491 1177 2519 n
1194 2469 1341 2542 Scriptum
1359 2476 1404 2526 est
1419 2473 1497 2528 enim
1514 2473 1870 2548 :Percutepsstoremet

151 2566 237 2625 dicits
253 2563 407 2637 discipulis
420 2563 485 2633 ejus
501 2570 526 2618 et
544 2566 639 2630 Petro,
655 2560 724 2635 quia
736 2563 974 2634 precedetvosin
1027 2558 1240 2631 dispergentur
1256 2575 1323 2615 oves
1338 2561 1446 2633 gregis.
1463 2583 1477 2611 a
1494 2561 1594 2634 ltaque
1611 2570 1650 2621 ut
1664 2572 1868 2641 compagum

148 2655 297 2713 Dalilaeam
312 2653 404 2725 (licre.
420 2653 489 2715 xvii.
505 2674 519 2702 a
537 2651 606 2707 Vere
621 2667 688 2718 ergo
710 2651 798 2708 lesus
817 2652 976 2709 extendens
1028 2645 1194 2718 evangelica
1207 2647 1475 2705 utarslmilitudine
1486 2648 1799 2712 molentis.Aitenim
1810 2657 1866 2730 ipss

148 2761 281 2811 manum,
298 2742 491 2815 apprehendit
501 2757 568 2796 erim
582 2756 589 2797 ι
602 2741 757 2796 reservavit
766 2740 846 2797 enim
856 2741 897 2797 illi
908 2758 974 2815 gra·
1028 2735 1173 2794 Dominus
1189 2755 1196 2794 ι
1212 2759 1227 2788 n
1245 2737 1314 2795 Dua
1328 2743 1414 2795 erunt
1427 2741 1570 2797 molentes
1582 2741 1614 2799 in
1628 2760 1745 2817 unum,
1757 2763 1817 2804 uns
1829 2764 1868 2804 ss.

152 2836 223 2893 dum
238 2849 338 2901 suum,
356 2832 510 2889 reservarit
522 2836 551 2886 et
564 2830 706 2885 stabilivit
719 2831 879 2902 principem
904 2848 976 2904 apo·
1029 2831 1176 2892 sumetur,
1190 2830 1220 2883 et
1234 2826 1326 2883 altera
1338 2829 1520 2900 relinquetur
1533 2829 1647 2904 (Hatris.
1665 2839 1762 2905 xxiv).
1776 2859 1791 2887 s
1807 2836 1864 2895 lieo

157 2919 977 2992 stolorumlibetouneinspicersillumprophetioelo·
1030 2917 1199 2989 prophetica
1223 2915 1309 2988 quasi
1342 2917 1420 2973 mola
1445 2919 1566 2976 inferior
1590 2925 1738 2993 ponende
1763 2932 1819 2994 est,
1840 2930 1866 2982 et

150 3027 229 3079 enm,
245 3027 332 3083 quem
349 3008 432 3065 nobis
447 3008 595 3065 illustrare
609 3007 696 3064 debet
711 3007 836 3064 scintilla
852 3008 922 3075 hac,
939 3026 972 3066 ex
989 3050 1012 3119 c
1030 3011 1124 3076 eoepta
1135 3008 1196 3076 lam
1213 3004 1379 3078 evangelica
1395 3007 1520 3064 narratio
1536 3008 1704 3069 Dominless
1722 3015 1864 3088 passionis

152 3116 202 3157 ore
217 3101 281 3171 eius
292 3097 427 3164 dicentis,
443 3097 585 3167 seriptum
602 3099 647 3152 est
661 3097 738 3153 enim
757 3113 763 3153 :
783 3117 796 3150 a
811 3098 972 3154 Peroutism
1033 3096 1257 3168 superponenda
1269 3096 1355 3167 quasi
1370 3097 1445 3153 mola
1455 3099 1601 3172 superior,
1615 3106 1653 3157 ut
1664 3109 1778 3177 agente
1786 3121 1866 3162 mano

154 3193 313 3259 pastorem,
329 3193 357 3241 et
372 3186 577 3256 dispergentur
593 3200 660 3240 oves
672 3186 769 3257 gregis
780 3186 872 3257 (Zocb.
885 3187 954 3258 xvir).
964 3208 978 3238 a
1034 3183 1161 3251 Domini,
1177 3183 1355 3241 circumacta
1371 3186 1479 3244 volucri
1490 3202 1590 3255 cursu,
1606 3190 1803 3251 fructuosum
1813 3195 1867 3251 iru-
1910 3192 1912 3201 '

156 3276 252 3332 Pauca
267 3291 300 3330 ex
310 3272 550 3346 precs-dentibus,
558 3277 587 3328 et
598 3273 845 3346 subsequentibus
856 3276 980 3333 dilieen·
1035 3273 1126 3329 meoli
1140 3290 1266 3345 granum
1282 3275 1440 3332 salubriter
1454 3277 1538 3334 nobis
1549 3282 1743 3352 teramus‚et
1756 3284 1867 3356 deopti·

157 3361 979 3435 terinspectapulcbramintelligentimlucemretundent.
1036 3378 1082 3417 ma
1105 3363 1169 3432 ejus
1190 3363 1319 3419 medulla
1346 3365 1565 3423 candidissime
1590 3368 1687 3428 larris
1716 3390 1824 3442 panem
1842 3374 1867 3430 in
1910 3400 1912 3427 ι

158 3451 801 3510 PraecedentissuntbeezrEteritindie
824 3454 884 3522 illa,
910 3456 982 3512 dicit
1036 3450 1337 3519 usumeristusest,
1353 3453 1403 3527 qui
1417 3455 1454 3510 da
1468 3456 1631 3528 semetipso
1653 3461 1752 3519 dicii:
1777 3463 1868 3521 «uisi
1910 3462 1912 3473 '

160 3541 302 3596 Dominus
317 3540 393 3596 Deus
409 3540 579 3606 exereitum,
595 3540 761 3609 disperdam
784 3543 903 3598 nomina
919 3543 981 3599 ido·
1035 3553 1160 3611 granum
1177 3540 1315 3596 frumenti
1331 3542 1481 3600 cadensis
1500 3550 1624 3614 terram.
1641 3555 1869 3610 mortuumius-

159 3629 253 3686 lorum
271 3631 306 3686 ds
327 3635 414 3697 terra,
435 3633 464 3683 et
488 3645 546 3684 non
573 3632 816 3687 memorabuntur
842 3631 929 3693 ultra.
953 3637 981 3688 et
1036 3627 1084 3694 rit.
1101 3628 1197 3699 ipsum
1213 3628 1309 3687 solum
1324 3633 1587 3699 monetaneum
1604 3645 1771 3697 mortuum
1790 3643 1871 3700 luerit

158 3719 315 3791 propbetas
330 3717 878 3790 atspiritumimmundumauteramde
891 3727 980 3780 terra.
1036 3717 1161 3774 multum
1180 3720 1306 3777 iruetum
1322 3720 1503 3794 suessones.
1515 3727 1579 3797 xri).
1595 3747 1611 3777 a
1632 3727 1722 3799 Tale,
1741 3732 1871 3804 inquam,

156 3808 192 3864 ut
206 3807 260 3864 erit
275 3824 341 3864 rum
360 3807 575 3879 prophetaverit
598 3808 745 3878 quispiam
772 3809 859 3878 ultro,
883 3810 983 3867 dicent
1036 3822 1159 3878 granum
1170 3808 1570 3885 est,utmoleudonuuquam
1584 3815 1872 3896 dissipetur,eoqas

159 3898 184 3951 ei
203 3904 283 3967 pater
298 3900 372 3965 eius,
387 3903 415 3951 et
431 3902 524 3950 mater
538 3898 664 3966 ejusqui
689 3904 855 3968 genuerunt
879 3915 943 3954 eum
972 3916 980 3956 ς
1035 3894 1148 3968 integro
1165 3905 1352 3968 permanente
1368 3899 1490 3958 dillondi
1505 3907 1555 3958 aut
1566 3904 1707 3965 dissilire
1723 3929 1873 3985 nunqnam

156 3986 230 4042 002
241 3985 817 4058 Nonvivesqninmendaciumlocutuses
828 3988 981 4044 innomine
1035 3986 1150 4041 desinet
1165 3988 1293 4043 medulla
1308 3990 1383 4062 ejus.
1400 3989 1483 4047 Nune
1497 3991 1617 4050 interim
1638 3996 1715 4056 tinia
1732 4000 1784 4058 hic
1799 4004 1837 4060 sit
1850 4003 1876 4059 ii·

158 4075 283 4137 Domini,
306 4080 335 4130 st
349 4075 495 4143 contigerit
507 4090 573 4131 eum
592 4081 673 4146 pater
687 4076 762 4145 ejus,
773 4081 802 4131 et
815 4083 906 4135 mater
916 4081 980 4150 ejus
1036 4074 1102 4131 balli
1121 4077 1254 4147 buJus,st
1270 4085 1441 4150 sequentem
1456 4096 1523 4136 cuin
1533 4080 1599 4152 jam
1617 4085 1707 4144 dieto
1719 4093 1875 4165 prophetis

162 4162 308 4230 genitores
322 4163 396 4232 ejus,
409 4179 476 4218 cum
494 4163 717 4234 prophetaverit.
736 4165 769 4219 Dr
784 4165 839 4221 erit
855 4183 862 4223 :
878 4166 907 4222 ln
933 4170 979 4225 die
1036 4163 1175 4235 capitulo,
1191 4167 1331 4239 reparatis
1346 4173 1411 4240 post
1425 4167 1636 4230 lassitudinem
1649 4177 1788 4250 viribus,
1799 4199 1876 4239 exor-

158 4248 208 4304 illa
222 4250 438 4305 contundentur
449 4249 595 4323 propheta
609 4253 812 4325 unusquisque
822 4271 856 4311 ex
866 4257 980 4316 visione
1034 4253 1159 4311 diamur.

159 4338 978 4416 suacumprophetaverit,neooperienturpslliosacciuo

157 4562 1833 4632 Q

721 4703 906 4801 LIBER
944 4707 1300 4808 UNDECIMUS

191 4958 283 5020 Tum
303 4961 333 5018 5¹¹
358 4962 519 5037 5⁰⁸1stulis
544 4967 655 5024 'timii'
679 4966 814 5041 ssl⁰ti⁸¹¹¹2
843 4976 940 5044 tuum,
963 4990 981 5032 c
1035 4977 1210 5049 prehensam
1231 4983 1877 5067 attrectarsoolumbam,tactuhlsudo,ma·

158 5047 213 5108 Fili
229 5051 369 5121 bominis,
385 5070 513 5127 querere
528 5060 556 5112 et
572 5057 703 5115 invenire
718 5059 858 5118 honorem
870 5063 899 5120 iu
917 5081 982 5135 pro·
1038 5066 1125 5122 nibus
1141 5067 1286 5127 innocuis.
1305 5072 1338 5127 Dt
1361 5087 1461 5129 rerrra
1482 5073 1525 5131 sie
1552 5083 1614 5143 est3
1638 5093 1758 5144 saneta
1778 5092 1877 5163 quippe

158 5140 281 5213 pheticis
297 5147 324 5197 el
340 5141 369 5197 in
386 5145 564 5216 evangelicis
578 5148 740 5217 preconiis,
754 5149 812 5206 tale
836 5152 920 5208 nobis
935 5158 982 5211 est
1034 5155 1184 5224 Scriptura
1197 5158 1259 5229 ipsa
1275 5160 1534 5231 estcelumbailla,
1545 5164 1581 5220 dc
1594 5182 1658 5238 qua
1670 5171 1877 5244 ipsiussuuer

161 5230 238 5287 imi
249 5230 335 5287 ‘³⁶5³
348 5232 412 5288 Vll&
427 5236 591 5304 Pfflfflflliv.
609 5236 694 5308 quale
711 5238 787 5294 tesso
803 5239 915 5306 viatori,
933 5257 980 5298 re·
1033 5246 1160 5314 Spiritus
1175 5259 1295 5304 sanctus
1306 5250 1336 5306 in
1348 5252 1461 5322 psalmo
1471 5252 1562 5310 dicit:
1576 5276 1591 5307 o
1604 5256 1721 5320 Pennas
1734 5270 1875 5327 columba

157 5320 258 5377 missis
280 5320 429 5377 interdum
452 5324 593 5394 gravibus
615 5327 753 5390 sarcinis,
776 5328 903 5386 residere
923 5334 979 5388 sub
1036 5332 1242 5406 deargentatas,
1260 5343 1288 5393 et
1313 5339 1474 5409 posteriora
1497 5341 1579 5399 dorsi
1602 5346 1677 5416 ejus
1704 5354 1737 5411 in
1767 5356 1873 5431 92110„

158 5409 423 5466 umbraodorilera
437 5412 550 5468 arboris
567 5429 654 5485 prope
671 5415 797 5472 rivulum
811 5420 978 5494 squasjugi-
1034 5421 1097 5477 auri
1113 5424 1195 5481 irent.
1208 5433 1302 5495 cxvii).
1314 5426 1355 5485 Ns
1371 5444 1440 5501 ergo
1456 5436 1873 5521 mrmturquisdieeue,quid

159 5500 203 5552 ter
217 5497 360 5567 salientis,
377 5501 519 5571 gratoque
529 5500 589 5557 otio
599 5500 732 5573 fugacem
742 5503 857 5577 insequi
866 5511 895 5563 st
902 5523 979 5564 com·
1033 5510 1075 5567 vsi
1090 5512 1126 5568 ad
1141 5514 1210 5585 quid
1228 5515 1284 5572 ists
1298 5515 1410 5584 scribit,
1419 5522 1589 5599 cqprsaupti
1602 5520 1715 5609 ΜΗ,
1723 5533 1873 5625 ww*
