3826 6014
90 230 168 290 rues
609 229 815 293 connum.
838 229 878 290 ui
899 228 1045 290 namu.
1069 262 1108 275 -
1130 228 1205 290 mu.
1225 228 1265 291 x.
1714 234 1812 321 iser¹

83 360 196 419 dixerat
209 366 278 419 aute
291 363 414 422 biduum
430 381 496 422 ecoe
508 363 688 436 relinquetur
701 364 783 420 vobis
804 363 910 419 domus
924 360 953 428 A
1001 360 1096 418 lussit
1110 360 1268 434 aliquando
1284 361 1332 420 bio
1353 363 1496 420 Dominus
1516 370 1615 422 noster
1634 364 1795 439 discipulus

85 458 181 509 restra
195 456 311 510 deserta
325 454 429 524 (ilattb.
445 454 526 527 xsrn)
543 474 555 506 a
570 455 630 524 jnm
654 452 771 526 impleri
794 451 908 526 signill-
961 467 1033 508 suna
1051 450 1210 508 ascendere
1235 453 1266 509 in
1293 453 1460 512 naviculam
1488 459 1516 512 et
1540 456 1701 528 praecedere
1724 477 1791 521 eum

81 568 164 617 uana,
181 545 304 614 surgite,
320 545 425 617 iuquit,
442 561 546 602 eamus
561 544 629 601 bine
645 561 652 602 ε
671 541 908 601 ‹1Dtexierunliu
961 546 1043 597 trans
1058 543 1177 609 iratum,
1193 542 1285 598 donec
1299 542 1462 600 dimitteret
1476 544 1593 614 turbam
1607 561 1735 620 eumque
1750 552 1792 608 di.

77 645 206 701 montem
222 636 337 693 oliveti.
356 660 367 685 ι
385 636 481 693 Factis
494 635 572 692 euim
598 652 656 691 non
681 634 790 702 miuus,
816 650 905 707 quarn
961 632 1053 687 missa
1068 632 1155 686 turba
1169 629 1250 687 solus
1263 632 1484 690 ascendissetis
1497 640 1638 702 montem,
1650 643 1790 713 etvespe.

79 729 177 789 serbis
192 725 285 798 loqui,
301 724 450 798 sapientise
466 724 515 781 Dei
534 724 676 781 familiare
690 728 744 780 est.
759 723 907 794 Josapbus
961 736 992 776 re
1008 723 1083 776 iacto
1094 719 1175 776 aulus
1189 726 1269 776 esset
1280 720 1331 785 lbi,
1348 727 1377 777 et
1390 726 1498 787 oraret,
1512 745 1523 773 ι
1539 725 1673 780 navicula
1687 727 1716 783 in
1733 744 1791 789 rna·

79 834 193 895 quoque
212 831 309 871 uocem
335 813 460 871 similem
478 818 604 870 testatur
627 812 718 869 luisse
742 812 871 869 auditam
897 828 905 871 :
960 809 1008 865 dio
1030 810 1102 864 mari
1125 810 1292 879 iactabatur
1317 810 1466 879 fluctibus,
1491 821 1550 868 erat
1574 813 1652 870 enim
1682 824 1788 876 veum,

79 912 207 975 «Noote,
223 903 331 977 inquii,
342 902 507 959 anuardotes
520 901 660 959 intimum
676 900 906 973 templummore
963 899 1139 954 contrarius.
1156 897 1264 962 Quarta
1280 905 1376 955 autem
1401 898 1500 972 vigilia
1526 901 1618 957 noetis
1645 905 1725 962 uenit
1748 909 1783 964 nd

81 1018 136 1059 auo
152 999 187 1055 ad
205 995 318 1052 diuinas
333 1008 380 1049 rsa
404 992 593 1049 celebrandas
614 990 749 1059 inm-essi,
774 990 904 1063 primum
960 1003 1020 1053 eoa,
1038 987 1194 1044 ambulans
1210 1003 1299 1058 anper
1314 1004 1404 1043 mars.
1423 988 1715 1062 »Cumqueturbatia
1727 995 1788 1054 illia

80 1090 199 1164 quidem
216 1081 898 1155 modurnquemdamstrepitumqueaanaernut,
959 1074 1104 1132 dixisset:
1121 1074 1263 1131 «Habeto
1286 1075 1437 1140 ilduolam,
1460 1092 1514 1150 ego
1538 1094 1616 1146 sum,
1640 1080 1730 1139 nolite
1752 1083 1788 1138 ti-

77 1183 181 1251 poatea
195 1189 262 1230 uero
277 1171 512 1227 suliitamuocem
525 1169 897 1239 audierunt‚quaedioerot:
959 1181 1046 1220 mers.
1067 1165 1196 1229 Domina,
1214 1165 1312 1234 innuit
1328 1165 1440 1230 Petrus,
1456 1171 1481 1220 si
1491 1172 1522 1222 tu
1535 1184 1577 1234 aa,
1588 1170 1660 1239 jube
1673 1188 1717 1228 me
1737 1190 1786 1230 vn.

75 1268 236 1339 Migromua
252 1259 319 1317 bine
335 1261 400 1331 (17).
416 1257 902 1330 »itacumtorrilrilisignificatione
958 1252 1020 1309 nire
1035 1254 1070 1308 ad
1088 1257 1116 1308 te
1131 1269 1221 1326 super
1237 1269 1341 1325 aquae,
1357 1259 1387 1309 et
1400 1254 1580 1312 descendeus
1596 1256 1631 1312 de
1642 1259 1787 1330 navicula,

80 1371 183 1414 vocum
205 1366 291 1408 omne
305 1350 383 1406 008
401 1348 567 1420 praesidium
584 1347 689 1403 salutis
704 1363 769 1402 sese
787 1345 824 1402 ab
847 1345 898 1403 iila
957 1340 1127 1397 ambulabat
1137 1359 1226 1413 super
1240 1359 1344 1415 aquas.
1361 1342 1469 1399 Videus
1485 1361 1553 1417 ergo
1572 1351 1691 1403 uentum
1711 1349 1784 1405 sali-

75 1447 193 1504 eivitate
207 1442 333 1513 migrare
349 1439 571 1503 demonstravit,
583 1435 901 1509 juxtaquodetabipso
957 1430 1028 1485 dum
1045 1431 1151 1486 timuit.
1167 1431 1202 1486 Dt
1217 1447 1282 1487 cnm
1299 1431 1436 1501 coepisset
1450 1449 1552 1506 mergi,
1569 1432 1715 1504 clamavit,
1736 1438 1784 1496 di.

75 1531 187 1606 templo
202 1531 302 1586 exiens
318 1528 395 1583 idem
411 1525 555 1583 Dominus
570 1525 652 1597 prius
672 1524 902 1597 signiiloarerat,
957 1534 1025 1574 cens
1041 1535 1048 1573 ε
1066 1519 1199 1585 Domine,
1215 1521 1330 1575 salsum
1352 1538 1399 1576 me
1412 1521 1468 1577 iao.
1491 1523 1525 1577 ill
1539 1524 1677 1580 continuo
1696 1527 1783 1584 lusus

73 1623 190 1679 dicente
204 1615 383 1689 avangelista
399 1631 406 1669 ε
424 1637 438 1666 n
453 1612 901 1678 iesusautemabscouditaoet,
957 1609 1115 1665 extendens
1132 1624 1263 1676 manum,
1280 1609 1471 1681 apprehendit
1492 1627 1571 1679 enm,
1593 1616 1622 1668 at
1642 1615 1685 1669 ait
1708 1615 1751 1671 illi
1771 1632 1779 1673 ε

72 1709 161 1767 exivit
176 1708 212 1763 de
227 1704 334 1776 templo
349 1704 438 1774 (loun.
459 1704 559 1772 arrii.»
587 1700 662 1757 idaia
691 1702 901 1773 subsequentia
916 1727 940 1793 B
958 1695 1074 1751 Modica
1091 1696 1157 1752 lidei
1174 1696 1783 1776 quaredubitastii·(Mottb.xrv.)t)eni-

71 1797 277 1871 probaaerunt,
294 1806 360 1847 vara
374 1794 405 1846 st
423 1790 460 1846 de
475 1793 586 1861 tempto
598 1788 649 1845 illo
674 1788 778 1854 exisse,
804 1792 833 1844 ct
861 1788 898 1845 de
956 1800 1014 1856 que
1029 1800 1076 1841 rea
1090 1784 1139 1841 illa
1153 1792 1236 1858 gesta
1251 1787 1325 1842 miro
1342 1787 1438 1855 modo,
1454 1792 1482 1844 et
1497 1791 1726 1863 reagoata,etrel
1736 1809 1784 1866 go·

72 1887 188 1945 uisitata
203 1882 254 1939 illa
270 1880 378 1938 abiisse
392 1879 505 1946 lesum,
521 1883 549 1934 et
566 1877 603 1934 ab
624 1883 748 1949 utroque
760 1877 902 1949 migrasse
956 1875 1192 1946 reudaeqocdam
1202 1874 1256 1930 luit
1267 1874 1416 1946 parabola,
1428 1876 1574 1949 siquidem
1587 1879 1681 1951 piacet
1692 1898 1779 1954 para.

69 1989 158 2032 omne
173 1969 345 2043 angelornm
363 1966 542 2039 presidium.
561 1967 736 2037 Dicongrue
753 1980 810 2020 uon
828 1981 901 2037 quo·
957 1961 1055 2017 bolam
1073 1963 1140 2029 dici,
1153 1979 1210 2019 nou
1232 1963 1329 2020 solum
1354 1967 1382 2019 in
1406 1965 1513 2031 verbis,
1538 1971 1728 2027 verumetiam
1751 1970 1780 2029 in

69 2064 127 2127 vis,
144 2060 194 2117 ssd
208 2061 294 2128 juxta
308 2054 552 2112 consuetudinem
569 2061 639 2110 tuno
650 2070 767 2126 quoque
777 2053 900 2110 exivitin
955 2052 1050 2121 lactis,
1068 2055 1207 2126 quoniam
1223 2060 1252 2110 et
1266 2055 1424 2126 Apostolus
1438 2058 1619 2116 enumeratis
1634 2063 1780 2131 conmuni„

72 2155 202 2208 montem
218 2145 330 2202 Oliveti.
348 2143 429 2198 lilmc
444 2143 521 2199 enim
536 2159 713 2197 ascensuros
729 2147 792 2197 erat
805 2141 835 2196 in
848 2158 902 2198 coe·
955 2142 1085 2197 tionibus
1101 2142 1360 2215 primi2etsecundi
1371 2144 1782 2223 tabernaculi,«quae,inquit‚

69 2240 146 2307 lum,
162 2253 220 2308 quo
239 2236 315 2290 lueto
332 2256 346 2285 α
362 2232 470 2288 reversi
486 2239 567 2299 sunt,
584 2234 625 2287 uit
644 2232 744 2299 Lucas,
766 2231 900 2287 Hieroso·
955 2231 1094 2302 parabola
1109 2241 1152 2288 est
1168 2234 1310 2303 temporis
1322 2234 1460 2290 instantia
1476 2237 1569 2302 (liebr.
1589 2242 1639 2307 uxi.
1657 2261 1672 2290 e
1690 2240 1783 2312 igitur·

68 2329 180 2398 lymam
196 2344 212 2379 a
227 2329 337 2387 monte,
354 2324 403 2395 qui
420 2322 530 2376 dicitur
543 2320 657 2388 oliveti,
679 2319 729 2391 qui
750 2326 795 2375 eet
815 2321 901 2390 Juxta
954 2322 1076 2376 dimissa
1091 2322 1177 2376 turba
1192 2322 1273 2378 solus
1288 2323 1376 2378 iesus
1389 2326 1521 2380 ascendit
1533 2327 1562 2379 iu
1575 2333 1702 2384 montem
1714 2346 1780 2386 ora·

70 2415 250 2475 Hierusalem
265 2411 384 2468 Sublieti
399 2412 510 2467 bubona
526 2410 581 2465 iter
595 2409 662 2482 (dot.
680 2410 737 2477 ¹l··
757 2407 815 2464 Nae
829 2424 894 2464 vero
953 2426 994 2480 ra,
1010 2410 1079 2482 quia
1092 2413 1134 2466 aio
1150 2411 1163 2464 i
1173 2417 1283 2465 iturum
1295 2416 1357 2467 erat
1371 2411 1627 2480 ataiclaetumesl,
1638 2418 1778 2476 utsxiens
1886 2476 1889 2481 ,

66 2512 213 2579 repugnat
227 2502 312 2569 illud,
329 2501 406 2573 quud
421 2502 539 2570 scripsit
554 2501 630 2555 idem
651 2500 740 2555 turns
753 2516 783 2554 :n
792 2500 899 2556 Eduxit
953 2499 989 2555 de
1004 2500 1192 2569 civitatejam
1203 2516 1259 2556 uon
1270 2499 1546 2569 docturusturbam,
1558 2503 1661 2571 exiret,
1675 2508 1777 2577 utiam

67 2602 166 2654 autem
183 2609 233 2649 eoa
249 2593 327 2647 locas
341 2592 370 2645 in
388 2590 570 2656 bethaniam,
587 2594 615 2643 et
630 2587 752 2644 elevrtia
762 2587 898 2644 manibus
953 2587 1064 2642 dietum
1081 2594 1137 2656 eat,
1153 2590 1182 2642 in
1199 2595 1330 2644 ruentem
1345 2588 1448 2645 Oliveti
1465 2592 1547 2646 aolus
1562 2608 1645 2648 orare
1662 2610 1669 2649 ε
1687 2594 1774 2653 Daie-

67 2686 143 2754 suia,
160 2681 307 2741 benedixit
321 2679 375 2748 cia,
391 2683 420 2734 et
432 2677 541 2733 lactum
560 2682 615 2742 est,
630 2677 699 2732 dum
717 2677 899 2733 benediceret
952 2683 1022 2734 ruot
1036 2677 1157 2750 quidem
1173 2694 1240 2734 cum
1257 2695 1290 2735 eo
1305 2679 1455 2750 discipuli,
1471 2682 1521 2735 sed
1542 2696 1600 2738 uon
1623 2698 1717 2757 usque
1741 2686 1778 2742 al

66 2776 139 2845 iliis,
156 2772 276 2829 recessit
289 2771 326 2825 ab
339 2769 393 2831 eis,
418 2772 447 2823 ct
470 2765 616 2822 terebatur
642 2766 669 2821 iu
693 2766 797 2821 coeturn
820 2766 895 2838 (Luc.
953 2779 1050 2835 locum
1066 2765 1220 2822 orationis.
1236 2765 1307 2822 Nam
1324 2766 1491 2823 «sustinete
1507 2766 1566 2837 bio,
1578 2768 1628 2836 ait,
1651 2770 1712 2827 sive
1731 2788 1779 2829 aa·

66 2864 154 2935 xxiv).
173 2884 187 2912 »
202 2858 344 2917 Bethania
360 2872 487 2927 namque
502 2854 531 2908 iu
552 2853 642 2910 latare
664 2855 774 2910 montis
794 2853 896 2910 Oliveti
952 2853 1017 2909 dats
1032 2853 1091 2922 bio,
1106 2854 1199 2910 donec
1215 2856 1319 2910 vadam
1336 2852 1405 2909 illuo
1420 2859 1539 2910 ctorem
1550 2856 1656 2926 (llottli.
1667 2861 1775 2930 xxvi).-

68 2953 127 3010 aita
141 2955 196 3008 est.
210 2950 284 3020 Drgo
300 2947 349 3003 ubi
367 2962 419 3018 per
431 2943 631 3001 ascensionem
664 2943 897 3000 consummanda
951 2943 987 2998 Et
1001 2944 1165 3014 assumpsit
1176 2943 1294 3015 quidem
1313 2943 1441 3010 Petrum,
1456 2942 1636 3004 etJacubum
1647 2951 1675 3004 et
1685 2948 1774 3005 Joao·

67 3048 133 3100 erat
148 3044 211 3113 ejus
224 3038 317 3112 gloria
331 3036 402 3091 illuc
418 3041 495 3091 reete
510 3035 556 3090 exi
575 3034 599 3090 it
619 3034 751 3090 eamdem
772 3034 894 3104 giarium
957 3050 1146 3104 nemeaeum,
1163 3036 1212 3090 sed
1229 3034 1332 3091 stillis
1348 3035 1452 3090 iturum
1468 3034 1541 3091 dixit
1557 3053 1564 3093 :
1590 3059 1604 3088 a
1628 3038 1776 3101 sustinete

68 3146 154 3188 snam
171 3131 301 3185 orations
317 3127 485 3198 prevenire,
501 3134 529 3179 et
543 3139 666 3193 agonem
677 3140 738 3179 aune
750 3126 896 3194 passionis
911 3093 936 3160 c
956 3122 1777 3196 bic.etuigiiitats(ibid),edeprogrosauapuaillumaias

68 3217 218 3284 inchoare,
234 3216 309 3286 quod
325 3212 896 3272 ioumincaseatusntiusnarrui:e1³0.
948 3213 1069 3270 avulsus
1084 3215 1120 3270 ab
1136 3212 1205 3281 illis,
1220 3222 1360 3285 quantum
1378 3213 1533 3284 satjaetua
1547 3213 1774 3290 lepidi0‚p1=001.

69 3309 146 3377 ῦῑῑῑῡ,
158 3306 265 3377 {millib
285 3302 409 3375 lienibffl
428 3300 542 3367 ⁰l²b⁸ls
564 3301 658 3354 &⁰1⁰⁸
676 3301 705 3354 5¹¹
727 3303 843 3371 limiti.
868 3313 896 3362 ol
948 3305 993 3361 dit
1007 3306 1037 3361 in
1053 3306 1157 3361 lactem
1171 3321 1266 3371 suam,
1281 3320 1370 3360 ornus
1384 3303 1461 3374 (tue.
1478 3307 1560 3378 xxii).
1577 3328 1592 3356 n
1609 3306 1649 3364 lta
1663 3308 1773 3369 relictio

68 3401 166 3458 lectus
180 3400 225 3453 est
240 3394 332 3449 sudor
346 3393 422 3461 ejus,
440 3389 517 3444 sieut
530 3393 618 3460 gutta
634 3390 896 3459 sanguiniadecur-
946 3391 1006 3448 iilis
1020 3393 1125 3447 iterum
1140 3396 1170 3446 at
1185 3393 1269 3448 tertio
1279 3390 1361 3457 abiit,
1372 3393 1512 3448 etoravit.
1524 3395 1609 3451 Solus
1625 3413 1694 3469 ergo
1706 3404 1770 3457 arat

69 3487 160 3545 centis
174 3486 202 3541 iu
215 3488 338 3539 terrram
354 3481 432 3553 (Luc.
448 3486 528 3538 aaut.
547 3499 561 3527 u
576 3478 640 3532 iam
656 3476 726 3532 uicti
741 3479 838 3536 exitus
849 3482 896 3538 aui
947 3498 1037 3537 urana
1053 3485 1137 3536 nocte
1150 3479 1209 3545 iila,
1226 3480 1286 3535 aive
1306 3496 1427 3551 vespera
1455 3482 1607 3552 profunda.
1632 3485 1771 3545 Navlcula

66 3591 199 3642 causum,
216 3576 335 3646 propter
348 3585 437 3641 quam
449 3575 528 3623 recte
546 3566 662 3629 diceret,
683 3587 697 3616 a
714 3566 896 3641 relinquetur
948 3576 1046 3626 aulem
1063 3570 1092 3625 in
1109 3568 1205 3624 medio
1221 3568 1467 3640 marijactabatur
1478 3569 1628 3640 lluctibus,
1638 3572 1670 3629 id
1678 3580 1732 3641 sat,
1740 3576 1772 3632 u.

64 3665 147 3723 V⁰bi⁸
160 3665 265 3720 d⁰¹¹¹⁰⁸
281 3659 506 3731 V⁰³²i².]¹¹⁰⁸⁰l¹⁸
520 3656 625 3726 (Wl-
642 3672 688 3710 ¹¹¹
702 3659 736 3725 ¹).
760 3677 774 3708 ι
800 3656 896 3713 brevi·
947 3659 999 3715 des
1015 3657 1226 3730 discipulorum
1244 3657 1332 3712 nimis
1347 3656 1586 3728 contristabatur,
1601 3662 1642 3717 ita
1653 3662 1770 3721 ntccull

65 3766 110 3815 ler
131 3758 246 3824 innuet,
266 3752 367 3808 dicens
383 3766 390 3806 ε
409 3770 423 3799 u
438 3747 547 3805 Omnes
572 3763 623 3802 vos
644 3746 815 3804 scandalum
843 3766 893 3821 pu·
947 3762 1048 3803 eorum
1066 3745 1458 3819 pratrislitiagravarentur.
1473 3746 1526 3803 Sed
1538 3749 1617 3804 seuit
1630 3751 1770 3810 Dominus

66 3844 181 3905 tiamini
195 3846 225 3899 in
243 3857 298 3907 me,
321 3840 350 3895 in
374 3840 431 3896 ista
450 3842 542 3893 nocte.
560 3837 708 3907 Scriptum
728 3843 774 3893 est
791 3838 893 3896 enim:
945 3840 1034 3894 lesus
1046 3835 1414 3908 ambulabasuperaquaa,
1426 3834 1771 3908 quistempestatsaillas

63 3934 229 3994 Perculiam
247 3935 393 4004 pastorem
407 3933 436 3984 st
450 3927 656 3999 dispergantur
669 3943 736 3983 ores
757 3927 864 3999 gregia.
879 3952 894 3981 a
947 3943 1012 4000 qun
1026 3931 1143 3997 propter
1161 3926 1260 3995 ipsum
1285 3932 1369 3983 moia
1396 3929 1489 3995 erant,
1512 3932 1541 3981 et
1567 3929 1769 3999 nuovobautur,

63 4022 243 4082 scandalum
259 4020 331 4076 illud
348 4033 449 4074 omues
470 4015 612 4080 novimus,
628 4031 681 4071 nee
693 4017 895 4075 demonstrare
946 4023 1082 4091 prompto
1099 4017 1203 4088 spiritu
1220 4015 1421 4082 conculcabat,
1438 4014 1506 4071 iicet
1518 4032 1585 4072 caro
1596 4026 1674 4074 esset
1686 4018 1769 4076 iolir-

63 4130 139 4186 opus
155 4120 209 4182 eat,
226 4111 373 4182 quomodo
389 4104 578 4162 scandalizati
602 4102 720 4170 inerint,
745 4107 894 4175 quomodo
946 4124 1003 4165 ma.
1020 4107 1133 4163 Etenim
1148 4123 1215 4162 caro
1229 4105 1349 4178 quidem
1366 4105 1494 4172 intirma,
1511 4106 1627 4163 dicebat
1646 4108 1676 4164 in
1696 4127 1767 4167 ora·
1880 4150 1883 4155 .

63 4218 168 4260 omues
193 4199 291 4256 relicto
311 4214 344 4254 eo
364 4195 502 4268 fugerint,
524 4193 672 4266 quomodo
693 4191 796 4251 Petrus
819 4212 893 4268 anas,
945 4196 1045 4252 tinus:
1065 4216 1077 4245 r
1094 4195 1131 4250 Mi
1143 4195 1236 4263 Pater,
1250 4193 1274 4248 si
1285 4192 1424 4265 possibile
1435 4199 1491 4257 eat,
1502 4200 1768 4254 transeatamena-

63 4296 154 4363 quani
171 4290 302 4362 putabat,
313 4285 495 4344 tortitudinis
509 4282 627 4351 oblitus,
644 4282 782 4340 scandalo
799 4287 892 4344 noetis
945 4284 985 4340 iix
1000 4283 1067 4351 iate,
1085 4306 1099 4333 a
1114 4284 1166 4339 aed
1182 4282 1306 4354 spiritua
1321 4287 1475 4355 promptus
1490 4304 1501 4351 ‚-
1515 4305 1530 4335 a
1545 4284 1765 4359 Verumtamen,

61 4381 144 4437 illius
159 4378 202 4434 sio
217 4378 346 4434 alienans
361 4378 410 4445 ait,
428 4379 460 4431 ut
474 4380 517 4430 ter
532 4390 600 4430 eum
617 4378 748 4445 negaret,
764 4374 865 4433 dicens
883 4394 890 4435 ε
945 4375 994 4443 ait,
1010 4390 1068 4430 uon
1084 4373 1160 4429 siout
1174 4388 1226 4441 ego
1240 4372 1315 4441 volo,
1331 4372 1383 4428 aad
1398 4373 1475 4429 siout
1486 4379 1526 4430 tu.
1543 4374 1768 4432 sibieonfldeu·

64 4491 79 4521 α
96 4467 199 4524 Nescio
214 4466 285 4538 quid
301 4465 386 4530 dieis,
404 4480 459 4519 nun
479 4463 545 4518 novi
561 4462 722 4529 hominem,
740 4483 754 4512 u
770 4467 799 4518 et
821 4472 890 4519 tunc
905 4473 927 4538 ῃ
943 4460 985 4517 tia
999 4461 1086 4527 Petri,
1103 4476 1135 4516 se
1150 4476 1267 4534 quoque
1282 4464 1445 4532 promptam
1461 4475 1527 4516 essa
1542 4462 1655 4532 putavit
1672 4477 1699 4517 :a
1713 4462 1768 4521 Do-

65 4560 187 4615 demum
203 4554 279 4628 gallo
292 4556 439 4617 cantante,
450 4574 464 4601 «
482 4551 650 4606 reeordatus
666 4549 705 4606 sit
720 4551 800 4607 verbi
816 4551 887 4609 lesu
944 4549 1031 4614 mine,
1046 4549 1196 4622 inquiens,
1208 4550 1282 4620 jube
1300 4563 1346 4604 me
1357 4548 1454 4604 venire
1468 4549 1504 4603 ad
1520 4553 1549 4605 te
1563 4566 1653 4622 snper
1667 4567 1761 4625 aquas

65 4647 190 4703 dicentis
206 4662 213 4700 :
232 4643 401 4714 Priusquam
419 4638 512 4710 gallus
523 4644 673 4694 cantetier
689 4655 735 4695 me
752 4640 885 4708 narrabis,
942 4640 1048 4712 (Misisti.
1064 4642 1130 4711 aru).
1148 4664 1162 4692 u
1179 4641 1256 4697 Dixit
1269 4642 1348 4696 enim
1366 4655 1373 4694 ε
1391 4662 1405 4690 a
1421 4642 1454 4693 at
1468 4639 1493 4694 ei
1509 4655 1613 4697 omnes
1633 4642 1761 4700 seanda-

60 4744 92 4796 et
108 4736 283 4807 respiciente
298 4749 365 4787 eum
388 4730 520 4796 Domino,
536 4745 673 4800 egressus
688 4729 766 4785 loras
788 4748 888 4788 amare
942 4732 1017 4788 lizati
1034 4732 1141 4788 inerint
1159 4734 1187 4787 in
1203 4738 1243 4803 te,
1260 4749 1312 4797 ean
1327 4748 1478 4804 nunquam
1500 4733 1730 4792 scandalizabor.
1747 4759 1762 4787 n

62 4827 184 4884 lieverit.
203 4846 217 4874 u
233 4823 307 4889 Non,
323 4823 455 4893 inquom,
472 4819 722 4874 demonstratione
736 4835 810 4890 opus
830 4824 886 4887 eal,
940 4840 1001 4871 -a
1017 4821 1150 4877 Animam
1168 4837 1262 4877 msam
1280 4837 1384 4891 ponam
1400 4837 1451 4892 pro
1470 4824 1509 4885 te,
1525 4824 1622 4876 tecum
1646 4830 1764 4894 paratos

59 4915 111 4973 sed
129 4930 182 4969 nos
195 4911 344 4985 proposito
359 4914 501 4974 tenemur,
518 4922 574 4961 non
590 4905 694 4962 laniem
717 4905 817 4973 istam,
842 4909 887 4964 ia·
941 4911 1104 4970 somello
1121 4927 1277 4978 carcerem,
1294 4917 1322 4966 st
1337 4911 1366 4965 in
1383 4914 1506 4965 mortem
1523 4911 1565 4967 ire
1584 4914 1674 4980 (loon.
1694 4932 1761 4986 ¹¹¹¹l

61 5003 136 5061 ciem
152 5001 236 5059 uituli
251 5002 280 5056 in
297 5001 352 5056 lrao
366 4995 672 5069 immolationeipsiua
696 4996 886 5070 contemplari
939 4999 1004 5055 Luc.
1019 5004 1096 5065 xxm.
1115 4999 1214 5055 »Cum
1231 5000 1288 5055 ista
1304 5000 1422 5067 iiducia,
1438 5000 1522 5071 quasi
1535 5001 1598 5071 iam
1630 5004 1714 5061 lortis
1735 5011 1763 5064 et

59 5092 248 5149 delectamur.
265 5090 293 5147 Si
308 5088 353 5145 cui
370 5092 462 5153 vacat,
479 5087 579 5142 audeat
594 5086 757 5151 nobiscum,
769 5091 797 5142 et
815 5103 886 5143 nnn·
941 5088 1014 5143 bene
1029 5086 1142 5143 cinctus
1158 5086 1328 5143 ambulabat
1342 5090 1371 5141 ot
1385 5086 1447 5158 ipse
1462 5102 1551 5157 super
1561 5105 1665 5162 squas,
1678 5097 1762 5149 utve·

58 5179 218 5251 temptetur
233 5178 341 5251 pariter
356 5177 385 5231 in
401 5174 532 5231 claritate
548 5174 629 5229 larici
650 5172 740 5242 hujus
756 5174 884 5247 pulchri·
940 5175 1017 5232 niret
1029 5176 1065 5231 ad
1079 5175 1193 5231 lesum.
1208 5179 1279 5230 llum
1295 5174 1373 5230 enirn
1390 5175 1525 5246 discipuli
1541 5193 1646 5234 ornnes
1662 5180 1762 5237 relicto

58 5270 194 5328 tudinem
208 5267 357 5325 oculorum
371 5265 474 5336 ipsius.
487 5267 523 5319 Et
533 5262 587 5319 hoo
599 5267 632 5318 ut
642 5262 884 5336 loeupletiuaiiat,
940 5264 1061 5320 Domino
1077 5264 1228 5332 innuissent,
1245 5286 1260 5313 α
1277 5263 1339 5334 ipse
1349 5265 1619 5337 sequebaturiuugc
1632 5267 1761 5339 usquein

56 5375 107 5418 res
122 5358 252 5415 anterius
265 5360 350 5429 gestu
372 5354 409 5410 ad
432 5352 602 5409 memoriam
624 5358 668 5408 est
692 5354 859 5410 rednoeuda
874 5372 881 5410 ε
940 5352 1060 5419 atrium,
1076 5358 1105 5408 st
1115 5352 1267 5426 ingressus
1282 5353 1358 5408 intro
1370 5354 1489 5409 sedebat
1500 5370 1566 5409 curu
1579 5356 1763 5413 ministrisnt

55 5448 136 5508 valet
151 5447 228 5504 anim
247 5443 420 5519 mysterium
434 5442 536 5514 ejusin
552 5442 711 5497 attentione
726 5441 794 5501 ista.
939 5444 1049 5501 videret
1059 5443 1159 5500 fluam.
1176 5466 1190 5494 u
1205 5444 1260 5500 Sed
1277 5460 1343 5501 ecoe
1357 5444 1429 5501 sidit
1444 5449 1562 5501 ventum
1580 5445 1720 5519 validum,
1733 5452 1762 5504 et

93 5558 149 5633 (17)
163 5554 283 5630 ioseph.
300 5552 339 5613 De
355 5548 431 5610 bello
443 5548 512 5607 lud.
528 5548 579 5607 lib.
594 5564 642 5616 vii.
659 5565 723 5624 cap.
740 5550 783 5608 ¹2.
