3826 6014
95 233 153 291 itt
417 229 623 290 comatur.
646 229 685 290 ta
707 227 760 289 Xll
782 225 928 289 PROPH.
951 225 1035 286 lllIN.
1058 257 1098 272 -
1118 227 1158 288 ΙΝ
1179 227 1319 292 JONAM.
1341 231 1419 292 ulit.
1442 232 1481 292 ll.
1738 236 1798 294 438

86 364 323 437 exampligratia,
335 367 368 419 ut
378 362 852 434 Dauid,qnandoreducensaroam
862 359 914 415 [to-
926 363 953 429 Α
969 374 1029 415 aaa
1042 363 1120 416 nacta
1131 359 1229 432 periit.
1245 363 1283 417 Et
1297 379 1346 433 epa
1361 379 1416 421 aaa
1434 381 1548 437 parcam
1562 366 1662 424 Ninive
1683 365 1795 423 civitati

86 453 397 522 mini,tadeiatccram
410 447 914 521 Damiaaiaomnitualiquatalrre·
970 447 1791 526 maana,iaquasurdplasqaamcxxmitliatcminum,
1893 482 1896 487 ·

84 546 177 617 sactis,
194 553 221 599 et
231 545 359 609 citharis,
374 547 401 598 et
426 542 506 614 lyris,
521 545 546 596 et
561 538 715 612 tympanis,
731 543 758 595 rt
773 538 873 608 sistris,
887 539 914 594 et
970 539 1018 609 put
1030 539 1157 596 ιιιιιιιηι
1168 542 1362 612 quidsitinter
1372 543 1501 601 dextram
1511 550 1537 602 et
1549 546 1792 614 sinistrameaam,

85 635 235 705 cymbulis,
246 638 274 688 et
282 630 468 700 subsiliebat,
480 630 691 701 atquesattabut
699 644 710 691 ;
719 638 745 684 et
756 626 862 694 ladam,
872 627 912 682 in·
969 635 996 683 et
1005 628 1137 700 jumenta
1150 632 1248 687 malta.
1266 632 1419 690 Manifesta
1431 635 1477 691 bia
1488 639 1628 708 tanquam
1637 650 1793 707 argumen-

86 716 912 796 quiens,etciliarfiamplasquemfactassumaterctramitis
967 719 1032 773 tum
1047 735 1064 774 a
1079 719 1189 790 maiore
1205 720 1314 777 lactum
1331 723 1426 779 estad
1442 724 1704 798 constringendum
1721 740 1791 798 pro·

83 815 115 870 ia
124 812 213 870 acatis
225 813 292 868 meis
301 812 348 884 (ιιι
358 812 486 882 liapdvrt.
500 809 530 865 lu
542 807 686 879 ejusmodi
698 811 797 864 noster
806 806 909 877 Jonas,
968 806 1086 879 phetam
1096 812 1128 863 ut
1138 810 1310 879 consentiat,
1318 813 1664 871 etconsentiendnmesse
1673 819 1791 871 censeat

82 904 113 959 id
121 907 167 959 est
176 902 311 959 christus
322 901 381 957 siva
396 899 519 956 verbnm
536 897 662 966 Domini,
675 897 799 952 necdum
814 897 910 952 incar·
967 895 1173 953 misericordiae
1189 898 1477 970 circapoenitenttam
1495 902 1701 960 Ninivitarum.
1714 902 1787 961 llam

82 998 197 1057 natura,
214 995 390 1047 reveratunc
401 987 503 1043 laetitia
520 985 800 1059 magnalotabatur,
816 990 845 1041 et
861 1002 906 1042 re·
964 983 1028 1040 sins
1044 984 1103 1042 ulla
1118 988 1348 1046 contradictione
1360 990 1455 1063 majus
1467 997 1512 1048 est
1526 992 1615 1050 homo
1631 1009 1718 1060 uuus,
1731 992 1788 1051 imo

81 1082 262 1153 quiescebat,
275 1078 445 1135 laboraverat
456 1077 542 1142 enim,
553 1074 792 1131 videlicatmores
807 1072 906 1148 populi
963 1076 992 1129 at
1004 1074 1171 1145 jumentum
1188 1093 1280 1133 uuum
1296 1079 1396 1136 anima
1410 1085 1439 1137 et
1453 1097 1542 1137 sensu
1559 1081 1673 1154 vigens,
1695 1097 1784 1154 quam

79 1169 198 1226 illiusin
208 1170 322 1225 deserto
334 1168 518 1233 sustinendo,
533 1181 585 1222 neo
599 1164 691 1221 lateri
704 1163 803 1234 desiit,
814 1163 907 1220 donec
962 1177 1015 1217 cxx
1031 1161 1122 1219 millia
1136 1163 1311 1222 hederarum
1326 1167 1386 1225 siva
1400 1170 1634 1242 cucurbitarum,
1645 1188 1709 1243 qua
1720 1170 1784 1226 etsi

80 1259 149 1316 inde
159 1274 277 1314 carnem
285 1260 459 1324 assumeret,
469 1262 498 1312 et
510 1259 585 1311 Deus
597 1253 679 1309 bomo
690 1253 781 1310 tieret.
793 1255 904 1310 atvero
960 1253 1445 1328 aliquaqualicunquevitavivuut,
1455 1259 1785 1318 nulliuatamenhabeut
1863 1312 1868 1323 ,

80 1349 130 1405 ubi
147 1348 282 1404 Christus
303 1362 409 1420 passus
425 1349 479 1414 est,
505 1351 534 1400 et
561 1342 729 1414 resurrexit,
755 1342 905 1414 predicari
960 1357 1066 1399 sensus
1076 1342 1317 1404 ciliciumntille
1327 1364 1417 1421 super
1427 1349 1658 1406 ariditateuniue
1669 1350 1783 1408 hedera

78 1441 167 1511 coepit
180 1439 328 1504 Ninivitis,
348 1438 375 1492 id
387 1442 431 1493 est
441 1437 554 1493 cunctis
568 1435 705 1509 gentibue
721 1434 902 1506 paenitentia,
958 1430 1019 1489 sive
1033 1434 1189 1490 cucurbita
1200 1437 1294 1508 magis
1302 1436 1492 1507 irascebatur,
1506 1455 1593 1510 quam
1606 1455 1784 1512 superaver-

77 1533 109 1584 ιι
124 1529 258 1585 remissio
274 1529 405 1583 omnium
431 1530 615 1597 peccatorum
642 1525 672 1580 in
692 1523 811 1581 nomine
826 1525 900 1596 ejus.
958 1522 1070 1578 sionem
1083 1522 1203 1595 doleret,
1216 1525 1241 1581 si
1252 1527 1380 1584 venisset
1390 1529 1552 1584 secundum
1564 1545 1648 1584 suam
1660 1529 1783 1601 propbe-

78 1619 161 1675 Tunc
172 1635 258 1675 ornne
274 1617 345 1673 illud
358 1615 563 1673 umbraculum
577 1615 659 1687 legis,
675 1620 705 1669 et
715 1616 900 1671 ceremonia·
957 1610 1778 1689 tiam,carmiltiumhominummultarumqnejunanto-
1798 1610 1802 1619 '

78 1725 142 1766 rum
156 1708 329 1780 dissipatum
341 1716 394 1777 est,
411 1708 452 1763 ita
466 1715 494 1762 ιιι
508 1705 613 1762 atrivit
623 1723 647 1761 is
662 1704 857 1772 Hierusalem,
872 1711 901 1763 et
915 1728 939 1795 B
957 1716 1035 1767 tum,
1050 1706 1079 1757 θῑ
1094 1704 1144 1773 <tui
1159 1702 1342 1760 irawcbctur
1357 1722 1415 1761 ccc
1440 1707 1547 1761 servari
1564 1709 1621 1762 sibi
1637 1706 1775 1763 hederam

76 1799 176 1870 ipsum
186 1798 327 1869 templum
339 1796 459 1852 omniuo
470 1794 898 1860 destrueretur,sinuttotaorbi
954 1789 983 1845 ln
999 1806 1057 1860 qua
1073 1791 1135 1863 ipsc
1150 1808 1207 1848 non
1219 1792 1411 1863 laboraverat,
1427 1797 1632 1868 equanimiter
1646 1797 1774 1865 tulisset,

69 1892 174 1944 notum
190 1895 246 1945 est.
264 1887 384 1942 [inaruit
403 1902 472 1957 orgo
494 1885 602 1941 hedera
616 1901 633 1939 a
647 1901 744 1940 verme
761 1899 898 1955 percussa
950 1882 983 1934 ut
995 1882 1175 1938 subverteret
1183 1882 1258 1939 Deus
1270 1884 1455 1940 totbomiues
1464 1890 1562 1955 totque
1565 1885 1773 1958 iumentaque

64 1979 95 2033 ιιι
109 1993 226 2034 ascensu
239 1976 376 2046 diluculi,
388 1976 416 2029 id
429 1983 471 2031 est
486 1973 662 2030 revelatione
673 1974 896 2030 resurrectionis
948 1976 1103 2027 creaverat.
1114 1970 1168 2028 Sed
1185 1972 1272 2044 objici
1289 1979 1383 2044 potest
1397 1973 1467 2045 quia
1477 1977 1619 2045 tanquam
1631 1976 1773 2046 propbeta
1863 1986 1866 1991 ’

67 2067 182 2123 Domini
199 2067 300 2136 nostri,
318 2067 368 2139 qui
381 2063 511 2120 diluculo
524 2064 692 2119 resurrexit.
712 2061 828 2119 Vermis
848 2062 895 2118 bic
947 2057 1052 2129 spiritu
1072 2076 1204 2132 praesago
1219 2061 1397 2133 previdebat
1416 2063 1486 2134 quid
1508 2063 1559 2118 illa
1579 2065 1774 2135 presignaret
1798 2116 1803 2135 ‚

65 2166 141 2213 recte
158 2157 322 2212 Romanurn
341 2153 496 2226 imperium
523 2152 708 2225 intelligitur,
728 2152 805 2207 sicut
819 2160 848 2208 et
866 2152 894 2208 in
948 2147 1106 2203 cucurbita
1117 2148 1251 2206 ariditas.
1263 2150 1367 2206 Ninive
1379 2162 1501 2219 servata,
1512 2153 1707 2224 scilicetquod
1720 2170 1774 2209 sua

62 2245 150 2302 Jobel
167 2261 217 2317 per
231 2261 362 2311 crucam,
378 2244 533 2310 locustam,
551 2241 695 2297 bruchum
713 2247 799 2312 atqua
813 2242 893 2296 rubi·
947 2237 1772 2312 geue{sraeliticaincomparationegentiummultodam·

63 2330 894 2407 trinamquatuurprineipiliaragnainteltiguntur,quo-
947 2325 1073 2383 nabilior
1091 2334 1170 2383 esset
1185 2329 1332 2399 jumento,
1354 2336 1383 2385 et
1401 2330 1438 2386 ob
1459 2329 1515 2385 hoc
1534 2331 1725 2400 irascebatur,
1745 2336 1774 2387 et

65 2440 133 2480 rum
147 2424 286 2479 ultimum
301 2430 462 2478 itomanam
476 2420 539 2477 luit.
550 2426 622 2476 Nam
634 2421 760 2490 primum
774 2420 895 2494 Babylo·
945 2415 1076 2471 humano
1091 2415 1194 2472 allecta
1216 2417 1427 2490 propinquitati
1444 2435 1503 2474 sue
1524 2418 1708 2476 condolebat.
1727 2420 1769 2475 Ad
1869 2434 1872 2439 ·

63 2513 239 2579 nicumiuit‚
253 2513 412 2569 secundum
426 2511 585 2574 Persicum,
598 2511 717 2566 tertium
730 2510 892 2566 tlncedoni·
945 2503 999 2561 hoc
1016 2505 1115 2576 itaque
1129 2507 1255 2562 scienter
1267 2508 1425 2563 dicendum
1442 2510 1509 2579 quia
1520 2513 1580 2564 tota
1593 2508 1644 2564 illa
1655 2509 1770 2581 propin·

63 2618 133 2658 cum
155 2602 276 2666 exstitit,
298 2620 314 2656 a
334 2602 443 2672 quibus
463 2600 544 2656 locus
559 2605 588 2655 et
608 2615 680 2672 gens
700 2598 750 2654 illa
770 2600 892 2656 diversis
945 2593 1219 2665 quitas,omuisilla
1233 2594 1769 2669 niultitudoisraeliticaqureverbum

60 2693 247 2764 temporibus
273 2691 411 2758 lacerata,
442 2690 739 2744 tandemallomano
768 2686 891 2760 imperio
944 2684 1058 2738 Domini
1075 2699 1131 2739 non
1144 2683 1310 2757 recipiebat,
1325 2684 1385 2740 imo
1397 2686 1769 2757 propbetasvcrbiDumini

60 2781 329 2854 irrecuperabiliter
343 2788 388 2836 est
399 2782 558 2847 destructa,
580 2780 658 2851 quod
675 2780 711 2834 ad
727 2778 782 2835 hoo
793 2778 889 2849 ipsum
943 2787 1089 2843 ptaecones
1105 2773 1264 2841 occidebat,
1282 2777 1309 2830 cl
1325 2773 1361 2828 ob
1377 2774 1432 2829 hoc
1450 2777 1478 2829 in
1501 2776 1698 2847 captivitatem
1714 2776 1769 2832 du·

61 2872 167 2944 utique
181 2872 326 2929 Dominus
354 2877 575 2944 praepmvemq
588 2871 673 2941 juxta
689 2870 768 2941 quod
783 2867 830 2925 hio
846 2870 890 2925 di.
942 2861 1033 2916 cende
1047 2867 1121 2930 erat,
1134 2862 1215 2933 juste
1227 2877 1323 2918 coram
1335 2862 1427 2918 aculis
1442 2863 1558 2919 Domini
1573 2866 1767 2935 reputabatur

60 2963 149 3032 citur,
161 2963 231 3034 quia
243 2978 360 3019 ceratem
369 2965 480 3033 patravit
491 2959 632 3016 Dominus.
642 2959 743 3031 ltaque
753 2959 830 3016 siout
839 2975 890 3031 per
942 2952 1509 3024 linquamhederativccucurbita.Nam
1518 2955 1548 3009 in
1561 2956 1617 3010 alivi
1624 2958 1766 3027 propbeta

61 3048 889 3124 paenitentiamNinivitarumconversiogentium,sicper
943 3057 1041 3097 vocem
1057 3042 1225 3099 audivimus
1251 3043 1378 3098 dicenti:
1395 3044 1500 3101 Clamo.
1516 3046 1553 3100 Et
1583 3046 1633 3101 itta
1649 3045 1767 3112 ilintate,

60 3141 229 3196 ariditatem
245 3140 357 3195 hedera
375 3137 541 3212 signiticata
564 3141 609 3193 est
629 3137 753 3192 desertio
768 3136 886 3193 iudan·
943 3131 1011 3204 qaid
1030 3129 1178 3187 clamabat
1196 3134 1293 3191 Omnis
1307 3148 1372 3188 cara
1393 3135 1501 3203 tenum,
1529 3137 1556 3189 et
1569 3137 1659 3191 omnis
1673 3135 1767 3207 picria

59 3245 137 3285 rum.
163 3230 244 3295 Quod
266 3229 372 3284 deinde
397 3230 551 3301 sequitur:
569 3228 601 3282 tt
622 3242 684 3281 aum
698 3236 775 3282 artata
790 3227 889 3296 {uisset
940 3223 1229 3297 carnositatis,
1247 3229 1271 3281 et
1287 3226 1461 3282 easiccatam
1480 3234 1520 3283 est
1532 3228 1638 3294 (carcar,
1654 3236 1680 3283 et
1694 3228 1766 3283 ceca·-

56 3319 111 3384 eol,
143 3321 277 3390 pracepit
307 3322 439 3374 corninus
468 3325 552 3373 uerita
581 3316 832 3384 cattdcetarenti,
863 3323 889 3372 et
940 3315 981 3371 dit
1004 3316 1064 3386 ιιοι,
1081 3319 1195 3372 certam
1221 3326 1314 3374 auam
1341 3319 1452 3374 Domini
1474 3327 1568 3374 ranae!
1585 3319 1613 3375 ιἰι
1630 3323 1767 3376 aternam

56 3410 192 3481 pararat
216 3408 257 3462 acl
286 3413 368 3477 caput
391 3408 476 3473 larisa,
506 3410 533 3461 et
560 3407 706 3471 aeatacbut,
737 3403 817 3460 illaru
847 3404 887 3460 si·
940 3404 1091 3477 (isaim).
1110 3409 1224 3478 Ergoct
1249 3407 1337 3464 lsrael
1363 3409 1500 3480 quoniam
1523 3425 1580 3463 nau
1610 3408 1767 3480 recipiebat

56 3498 178 3568 gniilcat
205 3496 435 3562 tribulationem,
466 3511 556 3566 quam
585 3496 615 3550 in
642 3493 797 3567 discipulis
825 3494 888 3550 suis
940 3494 1060 3549 verbum
1072 3493 1189 3550 Domini
1201 3496 1529 3566 manensiuieternum,
1542 3498 1725 3561 ienumerat‚
1737 3502 1766 3553 et
1823 3492 1827 3501 '

56 3585 195 3641 Christus
236 3585 368 3655 pertulit,
412 3586 448 3640 ab
488 3585 560 3654 ipsis
602 3582 724 3650 iudaeis,
769 3583 886 3638 interim
940 3581 1763 3655 idcircocongruasirnilitudinemonstratumestloure,

58 3676 135 3731 m
154 3674 225 3730 dum
242 3677 401 3745 parabatur
422 3673 530 3729 vermis
545 3673 581 3727 ad
600 3672 818 3743 percutiendam
834 3672 886 3728 ha·
941 3671 1045 3745 quanti
1060 3673 1199 3728 aetimari
1213 3672 1331 3730 deberet
1346 3672 1395 3729 illa
1411 3673 1537 3729 carnalis
1558 3674 1763 3746 propinquitas

58 3763 175 3832 doram,
190 3762 219 3817 id
233 3769 279 3817 est
293 3763 364 3818 dum
380 3762 547 3818 differretur
557 3761 757 3817 Romanorum
778 3760 887 3817 adren-
940 3779 1001 3833 aua,
1017 3780 1068 3835 pro
1079 3779 1137 3835 qua
1148 3762 1451 3821 aemulabaturoontra
1461 3764 1614 3830 Ninivitas,
1624 3773 1762 3836 tanquam

57 3856 109 3908 tus
118 3852 155 3908 ad
169 3853 397 3908 subvertendam
408 3852 550 3922 ludeam,
561 3850 651 3907 etiam
664 3849 833 3922 priusquam
850 3850 885 3906 ab
939 3852 964 3909 si
977 3852 1085 3908 diceret
1100 3851 1141 3907 illi
1152 3852 1312 3909 Dominus:
1331 3851 1418 3909 lsrael
1428 3852 1470 3908 sic
1483 3852 1555 3908 mihi
1567 3857 1611 3909 est
1620 3857 1760 3924 tanquam

56 3939 634 4010 hominibussubverteretur,J'amcoram
642 3939 884 4010 consueveram,
939 3940 1046 3998 hedera
1062 3942 1121 3997 sive
1139 3942 1247 4008 lanum,
1264 3943 1332 4015 qnia
1356 3960 1413 3998 non
1431 3946 1530 3999 manet
1545 3943 1574 3998 in
1591 3959 1624 3999 eo
1640 3943 1762 3998 verbum

57 4034 130 4087 etex
138 4046 196 4101 quo
204 4030 311 4085 Christi
321 4030 883 4102 sanguinemiiiditomninoarelactam.
938 4030 1064 4088 Domini.
1082 4031 1212 4087 Ninivita
1236 4037 1334 4088 autam
1350 4031 1398 4105 qui
1414 4032 1570 4088 audierunt
1587 4037 1615 4088 et
1629 4032 1762 4089 credide·

57 4118 130 4175 lude
145 4118 199 4175 tuit
214 4119 265 4174 illa
279 4119 400 4191 grandis
424 4120 547 4175 ailiictio
563 4124 591 4176 ct
605 4120 649 4176 ira
669 4119 761 4187 iona,
778 4118 813 4175 de
826 4135 886 4193 qua
938 4124 1017 4192 runt,
1035 4120 1168 4178 homines
1183 4126 1263 4193 sunt,
1276 4122 1413 4192 jumenta
1430 4130 1510 4188 aunt,
1528 4121 1555 4177 id
1569 4125 1613 4177 cet
1624 4124 1703 4176 tanto
1714 4139 1766 4178 su·

55 4224 147 4279 supra
161 4208 272 4265 dictum
288 4214 346 4276 est,
362 4209 411 4280 qui
426 4209 589 4266 afflictione
602 4224 709 4282 magna
719 4207 847 4265 sillictus
857 4213 886 4266 et
938 4215 1041 4285 perant
1052 4209 1392 4282 lsraeleminoredulum,
1403 4211 1659 4284 quantohedaram
1671 4227 1761 4269 sensu

55 4295 151 4354 iratus
164 4301 220 4354 est.
235 4298 365 4354 Tristitia
385 4314 514 4370 namque
540 4314 645 4369 magna
661 4299 716 4354 init
732 4297 884 4370 apostolis,
936 4304 1082 4358 carentem
1094 4304 1235 4371 superant
1240 4301 1376 4372 jumenta
1387 4317 1449 4371 quaa
1461 4299 1563 4357 vivunt
1574 4305 1603 4357 et
1614 4302 1759 4366 sentiunt,

55 4387 229 4459 ceterisque
253 4388 405 4459 discipulis
420 4405 454 4444 ex
469 4404 502 4443 aa
518 4393 615 4461 gente,
641 4392 702 4443 tam
726 4402 761 4443 ex
776 4388 881 4460 spiritu
936 4391 997 4449 sive
1013 4391 1327 4464 hominesquivivunt,
1338 4391 1563 4464 sentiuntntqae
1578 4392 1760 4450 discernunt.

54 4474 210 4531 charitatis
225 4492 313 4548 quam
328 4492 363 4532 ex
378 4478 483 4533 atiectu
499 4477 776 4549 consanguinitatis,
795 4477 835 4534 ita
850 4481 883 4534 ut
897 4466 921 4532 ll
935 4482 1017 4541 Adria
1032 4488 1061 4540 et
1076 4482 1142 4552 hoo,
1159 4484 1236 4554 quad
1254 4487 1296 4540 tot
1311 4483 1444 4540 homines
1474 4485 1604 4540 viventes
1626 4483 1762 4539 nesciunt

53 4562 113 4620 illis
124 4565 536 4636 tanquamiratribusaiiiicto
548 4566 635 4622 corde
646 4566 842 4635 condolerent,
854 4572 883 4625 et
935 4571 1007 4643 qaid
1032 4572 1070 4627 ait
1095 4571 1172 4626 inter
1189 4572 1321 4627 dextram
1336 4579 1364 4627 et
1384 4570 1531 4626 sinistram
1556 4587 1651 4637 suarii,
1672 4570 1762 4627 Israel

53 4656 201 4725 tauquam
216 4669 265 4710 ore
278 4669 377 4711 severo
391 4655 582 4724 increparent.
594 4654 725 4726 Exempli
736 4656 883 4727 gratia,ut
936 4660 1153 4717 autamhalvens
1164 4660 1256 4732 legem
1265 4664 1294 4716 et
1305 4659 1471 4732 prophetas,
1483 4662 1703 4716 excusationem
1714 4661 1762 4716 ba-

51 4746 253 4815 protomartyr
261 4742 430 4816 Stephanus
442 4745 608 4816 quimagna
618 4744 883 4819 charitateaompa·
935 4751 1003 4807 bora
1019 4750 1055 4807 de
1066 4750 1231 4823 ignorantia
1245 4766 1302 4805 non
1317 4753 1422 4823 potest.
1439 4750 1469 4806 Si
1484 4764 1553 4821 ergo
1565 4749 1648 4805 dolor
1658 4750 1763 4806 admit·

51 4831 140 4902 tiens,
157 4830 294 4888 clamavit
310 4832 432 4889 dicens:
449 4832 741 4899 nominandarum
759 4835 817 4890 uta
833 4834 883 4892 lace
936 4846 976 4896 tat
991 4838 1133 4897 rationem
1148 4844 1300 4912 correptas
1313 4840 1457 4912 prophete
1470 4840 1533 4896 sine
1543 4839 1632 4895 dubio
1644 4840 1762 4910 latetur,

48 4923 195 4992 meatum
205 4921 274 4992 (let.
290 4926 340 4993 vr),
354 4926 381 4978 ot
393 4937 501 4996 magna
515 4923 668 4980 severitate
683 4923 880 4996 redarguens:
935 4931 997 4988 celo
1008 4930 1298 5003 hominisjustiorem
1311 4947 1375 4988 esse
1386 4931 1436 4987 Dei
1448 4931 1644 4988 clementiam.
1656 4931 1690 4988 iit
1700 4938 1762 4987 tan·

50 5010 140 5077 itura,
168 5009 274 5082 inquit,
290 5011 404 5080 cervice,
421 5016 446 5068 et
462 5013 653 5069 incircumcisi
666 5011 746 5068 carde
761 5016 787 5069 et
800 5016 881 5070 auri·
936 5020 1003 5076 dem
1019 5025 1049 5076 et
1064 5020 1118 5077 boc
1133 5020 1230 5091 ipsum
1245 5021 1281 5076 ad
1293 5019 1402 5076 Christi
1415 5037 1566 5092 personam
1580 5019 1609 5076 in
1624 5020 1763 5093 mysterio

51 5100 114 5167 tras,
128 5115 174 5155 aar
183 5116 293 5171 semper
301 5101 425 5173 Spiritui
434 5110 527 5158 sarecto
539 5100 693 5175 restitistis,
703 5101 775 5160 sicat
789 5110 882 5176 paces
936 5110 1111 5177 releramus,
1130 5109 1257 5182 primum
1270 5109 1342 5165 illud
1358 5109 1590 5182 reminiscamur,
1607 5111 1686 5182 quod
1698 5127 1765 5184 ago-

49 5190 140 5245 castri
157 5189 258 5262 (iridi,
274 5194 329 5246 etc.
346 5193 377 5246 lit
392 5189 466 5247 dicct
482 5194 617 5248 Dominus
632 5192 672 5248 ad
691 5195 809 5250 lanam:
825 5198 881 5251 Pa·
937 5198 1036 5255 ainans
1053 5198 1081 5254 in
1102 5198 1237 5270 passione
1258 5215 1311 5255 sua
1327 5216 1333 5255 :
1350 5200 1444 5256 Tristis
1468 5205 1517 5267 est,
1534 5200 1641 5272 inquit,
1669 5203 1765 5257 anima

50 5284 133 5337 lacae
147 5279 216 5337 bene
237 5283 368 5337 irasceris
392 5284 422 5336 ta
437 5297 522 5352 saper
545 5282 702 5339 iaderam!
724 5285 759 5339 Et
782 5284 855 5341 duait
870 5302 880 5340 .·
935 5304 997 5345 meu
1013 5303 1099 5361 usqae
1113 5288 1149 5344 ud
1162 5295 1279 5346 martem
1292 5288 1401 5361 (llattlr.
1415 5289 1501 5362 xxvr).
1512 5289 1622 5346 Deinde
1637 5291 1764 5361 snbjun-

51 5371 127 5425 Bene
139 5369 302 5441 irascorepa
314 5373 449 5443 usquead
464 5380 589 5428 martem.
605 5371 719 5428 Etdiait
732 5374 881 5430 Dominae:
934 5392 1025 5450 gens:
1044 5376 1163 5448 Spiritus
1179 5377 1290 5449 quidem
1304 5382 1444 5450 promptas
1467 5383 1516 5446 ιιι,
1531 5394 1595 5435 caro
1608 5384 1704 5434 autem
1717 5379 1761 5432 in·

49 5462 90 5519 ῒιι
105 5460 186 5517 doles
200 5461 481 5530 superbissumae
495 5460 775 5533 quarantadcrastt,
791 5480 882 5537 neque
933 5468 1016 5538 firma
1030 5467 1123 5538 (itta.)
1138 5468 1373 5525 Contristabatnr
1388 5468 1467 5524 anim
1494 5485 1545 5540 pro
1561 5469 1658 5522 latura
1677 5481 1761 5522 evar-

46 5549 143 5623 tacivtv'
158 5553 190 5606 ut
204 5557 424 5624 cresceretque
438 5550 487 5608 sat
503 5560 645 5607 anaaactc
652 5555 719 5608 natu
727 5560 778 5623 ιιι,
791 5562 818 5611 et
829 5557 879 5612 sat
934 5557 1017 5614 aione
1032 5556 1305 5633 Hierosolymorum
1322 5559 1352 5615 in
1363 5557 1517 5631 sanguinis
1530 5556 1576 5613 eui
1587 5554 1759 5624 vindictam,
