3826 6014
114 301 1827 353 M

553 534 1415 704 R.D.D.RUPERTI

760 834 931 896 suustts
956 834 1182 898 'tutttttttsts

340 1049 1599 1222 COMMENTARIORUM

947 1348 992 1419 IN

204 1556 693 1811 nttnttttt
736 1550 1284 1807 ttttttttts
1326 1557 1738 1811 ttttttttns

773 1919 937 2015 LIBRI
982 1917 1148 2014 XXXI.

605 2310 935 2408 PROLOGUS
978 2311 1032 2407 D.
1071 2311 1335 2411 RUPERTI

446 2541 498 2602 ttt
542 2535 1041 2605 EXPLANATIONBM
1083 2538 1508 2605 unoeuurstttttt

1894 1502 1898 1511 ι

858 2746 1068 2762 m

152 2938 222 2993 1-8
239 2931 369 3010 Spiritui
384 2938 506 3003 saneto,
519 2933 718 3014 etomnihus,
732 2951 868 3014 quorum
881 2935 976 3013 perh
992 2935 1045 2993 tur
1059 2932 1217 2994 exstitisse
1232 2935 1342 3004 Deum,
1381 2930 1542 3012 riusqusm
1556 2951 1613 3013 per
1631 2935 1734 2999 earnis
1755 2956 1811 3002 ua·

105 3033 143 3075 os
161 3015 361 3091 ipselocutus
379 3020 438 3086 est,
459 3014 576 3075 sanetis
601 3016 772 3094 prophetis,
790 3015 937 3076 virilius·
994 3012 1148 3075 tiritatem
1164 3013 1284 3075 vehent
1298 3013 1331 3074 iu
1356 2949 1441 3073 Xnno
1464 3015 1643 3076 mundum?
1664 3019 1730 3080 Hos
1753 3020 1816 3082 ete-

107 3096 245 3156 trissime
269 3093 503 3155 Cotonium-ium
535 3094 740 3175 archipraesul
770 3095 938 3167 Friderice,
991 3101 1169 3235 gunterper
1192 3094 1253 3154 tate
1281 3111 1397 3154 nomen
1424 3094 1638 3172 preadicatur:
1668 3100 1813 3163 Acoetern

104 3177 283 3254 jucundum
297 3194 364 3234 esse
378 3183 522 3235 nostrum
536 3176 696 3254 eloquium
707 3194 769 3237 non
782 3194 861 3238 vane
872 3194 940 3255 spe·
990 3174 1088 3254 spotia
1123 3173 1270 3243 etrohere,
1288 3179 1414 3238 Festino
1426 3174 1571 3255 predari,
1588 3183 1619 3237 et
1642 3196 1698 3256 per
1718 3181 1813 3243 tatem

108 3275 228 3322 ramus,
243 3259 318 3314 durn
334 3255 449 3316 Christi
467 3256 532 3316 etth
545 3256 600 3316 Dei
611 3264 806 3318 sacramenta
822 3257 939 3336 prudi—
990 3256 1127 3317 nominis
1143 3256 1309 3330 rationem,
1327 3256 1398 3337 quio
1417 3265 1576 3336 antequam
1590 3257 1666 3319 seint
1674 3279 1752 3340 puer
1766 3280 1814 3323 no·

107 3347 227 3403 cantes,
242 3338 381 3412 ipserum
399 3337 938 3415 testimoniisopportunaeteonve-
990 3355 1059 3398 eure
1079 3345 1197 3417 putrem
1223 3355 1308 3411 suum
1331 3345 1365 3413 et,
1388 3345 1513 3396 matrem
1538 3356 1633 3411 sunm,
1654 3342 1814 3417 auferetur

110 3419 233 3475 nienter
246 3418 373 3476 utimur.
389 3420 456 3478 Unn
469 3427 640 3496 nemqueet
651 3419 761 3479 eodem
773 3419 936 3490 aotu,dum
988 3415 1138 3496 tortitudo
1154 3415 1295 3479 Dumnaci
1308 3424 1337 3476 et
1349 3412 1446 3494 spolio
1460 3421 1610 3480 Semuriee
1620 3437 1721 3482 eorum
1745 3441 1813 3499 repe

112 3497 205 3556 tidem
228 3510 368 3557 nostrum
387 3501 450 3557 Deo
465 3498 515 3557 ott.
529 3499 636 3567 rimus,
654 3499 792 3576 ipsorum
810 3517 936 3578 quoque
988 3499 1195 3578 Assyriorum.
1212 3495 1319 3568 Qualis
1333 3497 1417 3557 enim
1436 3496 1483 3557 vel
1499 3506 1677 3576 quantuest
1691 3503 1810 3564 secele-

115 3586 208 3636 testes
222 3597 344 3648 surmus,
355 3578 494 3654 ipsorum
512 3576 585 3637 fidei
601 3579 813 3640 testimonium
830 3579 936 3658 perhi·
989 3580 1070 3639 ratio
1085 3577 1186 3655 spotia
1199 3576 1398 3647 detrahenti,
1416 3576 1480 3638 sive
1491 3578 1650 3640 festinatio
1667 3584 1812 3659 praedan·

114 3659 232 3716 hemps.
252 3660 318 3717 an
336 3657 481 3716 nimirum
497 3658 559 3717 ittis
574 3666 697 3734 gratum
709 3678 775 3718 esse
786 3662 936 3736 etjuouu·
988 3656 1031 3734 di,
1050 3658 1135 3735 prius
1150 3657 1250 3736 spotia
1265 3657 1441 3723 detrahere.
1453 3659 1539 3736 prius
1551 3661 1697 3736 praedari,
1714 3682 1809 3742 quam

107 3737 184 3797 dnm
203 3737 474 3797 mmdubitamus.
496 3739 548 3798 Ait
567 3739 651 3799 enim
683 3757 762 3798 unus
791 3740 933 3812 ittorum,
987 3736 1264 3807 haberematrem,
1287 3737 1336 3797 vet
1359 3755 1472 3796 vocare
1501 3745 1635 3816 petrem,
1667 3743 1721 3820 qui
1750 3745 1810 3806 tuit

110 3817 818 3884 laetas,inthesanrottdeietvetboDomini
843 3821 933 3881 valete
987 3818 1106 3896 Joseph
1129 3817 1301 3878 seeundum
1331 3816 1532 3894 adoptionem
1565 3819 1653 3897 pueri
1691 3822 1807 3901 hujust

105 3900 273 3973 copiosus:
290 3900 332 3956 Ee
347 3896 431 3959 dizit
450 3896 593 3959 Durnium
608 3899 650 3959 nd
665 3915 727 3959 me:
756 3904 850 3964 Sume
878 3899 934 3961 nbi
986 3899 1072 3959 Idem
1088 3917 1163 3979 ergo
1178 3905 1226 3958 est
1239 3915 1276 3958 ao
1290 3896 1316 3958 si
1331 3897 1415 3958 dieat
1434 3898 1508 3975 quia
1524 3916 1601 3977 puer
1621 3900 1691 3974 iste,
1715 3921 1808 3981 quem

104 3978 220 4037 tibrum
245 3979 403 4056 proretam,
427 3986 457 4039 et
482 3979 579 4039 scribe
607 3979 638 4039 in
653 3979 769 4057 eostyto
783 3980 930 4044 hominis:
985 3978 1081 4058 Virgo
1096 3974 1239 4056 concepit
1254 3984 1286 4038 et
1301 3977 1431 4057 peperit,
1448 3980 1527 4039 neus
1543 3985 1611 4039 erat
1623 3981 1807 4061 priusquam

113 4058 261 4118 Vetociter
273 4059 371 4138 spotia
384 4057 517 4123 detrahe.
535 4061 592 4120 cito
618 4059 767 4141 praetore.
787 4059 828 4120 Et
843 4060 932 4121 ortti-
985 4059 1067 4120 idem
1084 4059 1180 4120 homo
1196 4060 1295 4127 tteret,
1311 4066 1342 4118 et
1356 4058 1490 4118 salvavit
1503 4059 1697 4121 Hierusalem
1714 4071 1745 4123 et
1757 4066 1811 4127 tu·

106 4138 245 4198 bninn'tu'
257 4147 341 4199 testes
352 4137 466 4211 fideles,
486 4138 593 4202 Heriem
614 4139 792 4202 sacerdotem
815 4150 842 4201 et
863 4140 931 4203 Za·
984 4139 1057 4199 dam
1073 4157 1092 4200 a
1108 4159 1179 4215 rege
1195 4139 1339 4199 Damasci
1355 4139 1464 4210 Rasin,
1481 4146 1513 4199 et
1533 4157 1592 4199 are
1602 4159 1640 4219 ge
1656 4144 1808 4219 Samaria

104 4221 255 4288 etruriam,
269 4218 367 4299 fitium
384 4219 543 4281 Baroehin
559 4238 567 4291 ;
584 4229 613 4279 et
630 4225 739 4282 necessi
753 4220 794 4283 od
804 4222 931 4303 propte·
983 4221 1113 4290 Faeoee,
1140 4219 1205 4280 fltio
1227 4219 1385 4287 homeliae,
1411 4220 1465 4296 qui
1486 4226 1560 4280 tunc
1574 4221 1663 4281 ittam
1690 4226 1810 4302 pariter

107 4300 224 4368 tissum,
238 4309 266 4359 et
291 4302 431 4380 concepit.
451 4310 479 4360 et
502 4305 622 4380 peperit
641 4298 753 4393 fitium.
782 4306 824 4363 tt
851 4302 931 4362 elirt't
945 4318 969 4382 B
983 4299 1226 4380 impugnabant.
1243 4307 1274 4359 et
1289 4317 1309 4358 a
1329 4299 1450 4361 caeteris
1473 4318 1600 4379 quoque
1625 4303 1768 4364 hostibus
1791 4323 1808 4367 e

105 4379 254 4442 Dominus
268 4379 310 4440 ud
320 4400 384 4443 me:
409 4378 692 4461 Voennomenepu,
712 4382 930 4462 Acceleruspo-
984 4379 1317 4458 quibusittepopuius
1340 4380 1457 4440 auritio
1487 4399 1624 4456 superno
1654 4384 1807 4447 tiberutus

106 4460 150 4520 tia
164 4461 333 4530 detrahere,
359 4459 484 4522 Festina
505 4462 651 4540 praetori,
673 4467 745 4542 quio
768 4472 930 4541 untepunm
984 4467 1041 4520 est.
1065 4461 1204 4520 Proiecto
1231 4460 1412 4538 hujusmodi
1441 4462 1625 4537 prophetias
1653 4464 1804 4540 seribere,

105 4539 180 4600 scint
192 4560 272 4619 puer
287 4552 516 4621 uocareputrem
537 4561 622 4602 suum
636 4550 666 4601 et
686 4552 809 4602 rerutrem
831 4561 928 4613 sunm,
984 4541 1133 4602 accedere
1149 4541 1207 4601 tuit
1222 4543 1261 4599 ad
1288 4541 1530 4618 prophetissam,
1561 4543 1600 4602 de
1629 4562 1692 4620 qua
1719 4546 1805 4616 dicit,

109 4622 263 4694 auferetur
283 4620 431 4697 tortitudo
452 4619 595 4683 Damasei
615 4630 643 4680 et
663 4620 760 4700 spolio
782 4624 931 4686 Sootort'u
984 4632 1011 4682 et
1031 4620 1189 4682 arcessiat
1199 4620 1428 4702 prophetissam.
1440 4631 1469 4681 et
1481 4633 1624 4701 concepit,
1649 4635 1678 4684 et
1689 4632 1808 4706 peperit

109 4719 209 4760 eorum
224 4720 294 4780 repe
307 4703 502 4779 Assyriorum
517 4701 591 4781 (Iso.
609 4701 680 4780 utu)
707 4701 855 4772 Quisnam
884 4709 932 4763 est
983 4701 1093 4782 fitium.
1110 4703 1261 4773 Quaenam
1274 4710 1320 4761 est
1334 4701 1389 4760 itta
1405 4703 1612 4779 prophetissa,
1630 4704 1688 4764 nisi
1703 4706 1757 4766 itta
1768 4709 1808 4768 de

109 4780 929 4861 tiberittegrandis,quemntsumeretsibijussum
984 4801 1047 4862 qua
1074 4784 1265 4861 praetoresue
1292 4782 1406 4850 tuerat,
1443 4790 1544 4842 mater
1579 4786 1805 4864 Emmanuelis,

106 4879 174 4921 esee
189 4861 276 4940 dicit,
295 4863 354 4922 nisi
367 4863 553 4923 universitas
564 4861 798 4940 Scripturarum
811 4870 932 4924 saneta·
984 4864 1073 4939 virgo
1090 4862 1317 4940 mariagium
1334 4862 1438 4940 plena,
1461 4863 1572 4942 inqua
1600 4866 1702 4925 omnis
1730 4885 1808 4945 pro-

105 4959 188 5009 rum,
210 4941 242 5001 in
272 4947 434 5020 quaeunt
464 4942 569 5004 ttdetia
599 4944 777 5003 testimonia
804 4942 928 5015 Christi,
986 4942 1372 5024 phetiaimplendaeratt
1397 4944 1458 5004 Iste
1486 4961 1631 5004 secessus
1659 4947 1699 5006 ad
1727 4948 1810 5012 hano

105 5022 930 5102 quodsanotumprimumadhbrahamDeusrepru-
986 5023 1215 5103 prophetissam
1258 5021 1329 5083 tatis
1366 5029 1425 5096 est,
1448 5024 1549 5102 quatis
1576 5025 1724 5086 introitus
1752 5029 1811 5090 ho·

110 5101 219 5161 nrt-it?
235 5103 274 5163 Et
287 5103 363 5180 quid
380 5102 492 5175 ittiest,
509 5110 540 5163 et
550 5103 580 5162 in
598 5103 652 5162 tati
680 5103 760 5164 libro
771 5104 932 5183 scripsisse
985 5104 1088 5166 norati
1105 5102 1163 5164 viri
1178 5104 1208 5163 in
1220 5105 1434 5164 sanctuarinm
1452 5106 1573 5164 [tuirstat
1590 5124 1660 5165 cum
1678 5107 1811 5172 obtuto-

106 5181 192 5258 styto
209 5181 344 5243 hominis
359 5201 474 5243 nomen
488 5183 586 5262 pueri,
600 5184 638 5244 de
650 5203 714 5261 quo
726 5187 929 5263 prenixemt:
985 5204 1025 5247 no
1040 5185 1183 5250 solemni.
1202 5203 1272 5244 eum
1297 5183 1414 5243 talentu
1431 5185 1516 5262 qirnd
1533 5185 1642 5246 oth-rat
1659 5190 1728 5249 esuri
1744 5210 1799 5266 pro

106 5263 183 5320 Eece
202 5266 297 5342 tir-po
310 5265 453 5340 concipiet
464 5269 608 5342 reportet
630 5264 744 5327 Filium
769 5265 839 5344 (leo.
864 5265 930 5346 vn),
986 5267 1050 5327 bati
1066 5273 1161 5341 atque
1177 5264 1467 5344 potissimumum
1485 5266 1579 5339 hujus
1596 5269 1650 5338 rei,
1669 5273 1752 5343 qusint
1769 5280 1811 5330 ta-

109 5341 170 5401 nisi
185 5343 343 5421 accepisse
356 5344 490 5419 gratiam
508 5343 738 5423 propheticum,
751 5345 933 5424 tactumque
986 5347 1058 5407 liter
1079 5347 1117 5406 ad
1136 5346 1366 5424 prophetissam
1392 5346 1518 5406 uittam
1536 5352 1713 5419 accesserit,
1726 5352 1811 5427 quod

106 5433 176 5482 esse
192 5440 288 5484 unum
303 5443 341 5485 ex
356 5423 419 5486 iltis
438 5425 493 5505 qui
514 5423 656 5503 ejusdem
680 5425 796 5487 Christi
810 5430 933 5489 venturi
985 5427 1162 5509 prophetias
1185 5427 1216 5487 in
1243 5445 1279 5486 ea
1305 5429 1500 5504 oe=mptenetae
1521 5447 1609 5488 stram
1634 5433 1810 5509 portionem

103 5502 285 5569 testimonia
299 5504 565 5588 conseripserunu
580 5505 791 5586 eumdemque
811 5513 930 5570 testan—
986 5508 1220 5589 conscripserit,
1237 5506 1457 5586 gratuleturse
1472 5508 1589 5571 habere
1605 5516 1668 5573 tam
1685 5516 1809 5590 spostu

265 5640 399 5710 tersus.
422 5631 580 5709 sshxvlsss
1585 5627 1590 5635 ’
1647 5627 1663 5708 i

51 5797 191 5974 eff
