3826 6014
178 128 258 198 ,035
719 118 893 187 sunnam
916 112 1085 181 asseris
1108 114 1330 179 sutriensis
1564 106 1567 111 ’
1811 102 1905 211 ΜΠ

174 268 227 322 ets
247 263 341 336 plebis
364 261 468 318 itinera
492 261 674 331 pernoctem
690 255 754 311 vite
780 252 933 327 presentis
948 252 994 308 in·
1011 247 1163 323 Aenllega
1176 265 1241 319 suc,
1258 271 1273 300 >v
1291 249 1431 307 videlicet
1447 253 1480 307 nt
1502 248 1580 308 sicut
1594 250 1689 310 sentit
1706 250 1792 327 qnod
1805 250 1878 327 dicit
1901 226 1905 249 ⁸

176 354 309 429 vigilant.
325 351 377 418 Qui
398 350 467 407 doru
484 348 598 406 occulto
612 346 662 403 Dei
683 345 797 418 judicis
813 361 870 400 oon
885 340 999 398 intelli·
1055 338 1097 395 sie
1113 340 1201 396 etiarn
1217 345 1390 412 agnosceret
1404 339 1548 412 quidquid
1572 353 1674 399 contra
1698 340 1823 400 (licitur.
1837 341 1878 401 liis

176 449 261 518 gunt,
300 446 427 516 prolecto
457 441 599 514 palpebre
633 445 739 494 sanctae
769 434 900 491 Ecclesiae
928 431 1000 488 cali·
1055 428 1292 486 subaudiendum
1308 429 1485 488 estzhliam
1499 432 1637 504 proiecto,
1650 448 1744 504 quam
1761 434 1876 506 vosopi·

175 538 256 606 ἕω,
1055 519 1178 585 nemini,
1194 519 1392 590 percussionis
1415 535 1483 575 mss
1504 521 1675 577 audiremus
1692 521 1731 578 ab
1747 521 1801 578 illc
1820 538 1875 578 can·

212 622 297 679 Vens.
315 622 358 678 18.
375 652 409 661 -
427 643 440 671 r
456 623 560 685 Hecu»
579 616 713 673 videlicet
727 613 826 671 omnin
843 629 906 685 quae
924 628 1000 684 pras·
1054 625 1128 666 sarn.
1145 632 1159 660 ι(
1182 611 1224 666 nd
1241 609 1345 677 Deum,
1362 610 1493 684 inquam,
1509 612 1601 670 stillat
1624 611 1732 671 oculus
1756 629 1875 671 meus.»

177 713 346 782 dictasunt,
364 733 376 763 v
392 726 497 784 passus
511 726 577 764 sum
594 708 705 778 absque
721 704 877 776 iniquitate
893 717 999 758 manus
1053 702 1112 760 Nec
1129 704 1248 760 frustra.

176 820 247 861 meae
263 826 277 855 s
295 803 324 858 id
339 807 384 859 est
398 818 454 856 non
471 806 585 873 propter
598 802 744 870 peccatum
754 794 875 865 aliquod
886 797 998 848 certum
1089 791 1224 850 Vass23.
1237 825 1271 837 -
1283 817 1297 846 a
1314 799 1386 852 Ecce
1401 795 1479 851 enim
1495 795 1596 851 breves
1611 795 1683 851 annl
1699 799 1874 868 transeunt·

176 899 226 950 sot
242 893 435 962 nominatum,
452 891 529 963 qood
560 889 633 945 rnihi
655 888 710 943 sirn
732 883 868 942 conscius
884 900 930 939 me
945 882 997 938 ad·
1054 882 1083 939 id
1099 888 1144 939 cst
1159 892 1274 957 tempus
1288 885 1411 942 interest
1425 885 1718 951 modicum,subaudi
1734 890 1873 945 ultastem

176 985 303 1052 misisse,
315 1006 329 1034 v
341 999 407 1039 cum
417 981 554 1037 haberem
568 978 693 1034 mundas
708 976 744 1031 nd
761 975 850 1031 Dcorn
866 989 967 1045 preces
983 994 998 1023 n
1052 973 1136 1030 illum
1152 973 1312 1043 inveniam,
1326 997 1340 1025 v
1357 981 1386 1032 at
1401 976 1602 1046 semitam,per
1614 992 1703 1048 qoam
1716 992 1778 1033 non
1791 993 1873 1034 rever·

176 1075 204 1130 id
221 1079 265 1130 est
280 1090 347 1132 cum
364 1073 475 1144 absque
487 1074 626 1126 termento
639 1066 811 1139 hypocrisis,
829 1064 863 1119 de
878 1080 936 1135 qua
952 1077 999 1118 me
1053 1067 1109 1132 lar,
1125 1063 1256 1130 ambulo,
1272 1088 1286 1115 »
1303 1065 1440 1121 semitam
1457 1064 1559 1137 ntique
1575 1064 1766 1137 mortisque
1781 1065 1827 1122 via
1839 1070 1875 1123 est

175 1162 311 1235 arguitis,
327 1161 439 1218 hostias
455 1159 513 1216 Dec
533 1158 665 1215 offerrem
690 1153 891 1225 acceptabiles.
915 1150 997 1216 Quod
1053 1153 1195 1207 universe
1220 1151 1328 1221 carnis,
1352 1156 1478 1220 angusta
1502 1159 1531 1208 st
1555 1152 1698 1224 difficilis,
1722 1170 1873 1227 perquam

176 1257 273 1309 lamen
290 1252 386 1308 verius
408 1256 496 1322 atque
523 1246 705 1305 coustantius
730 1250 838 1302 sancire
863 1241 998 1299 Ecclesiae
1053 1258 1110 1298 non
1125 1247 1251 1300 revertar
1269 1243 1305 1299 ad
1322 1241 1383 1299 hssc
1398 1241 1551 1315 malaque
1568 1260 1645 1300 nunc
1661 1245 1872 1315 patior,itsrnm

177 1342 312 1414 ccrrgruit
326 1341 421 1398 dicere
437 1343 472 1395 de
487 1337 600 1395 illusus
616 1337 721 1408 cupite,
736 1335 772 1393 de
787 1352 843 1405 quo
854 1332 998 1404 scriptum
1054 1330 1217 1389 toleranda.

177 1437 274 1486 estzv
303 1429 357 1493 Qui
384 1431 533 1499 peccatum
558 1441 616 1481 non
632 1424 710 1489 lecit,
727 1437 779 1477 nec
803 1421 999 1475 inventuscsl
1088 1422 1154 1479 cir.
1176 1423 1264 1493 xvii,
1287 1440 1366 1480 vsss.
1394 1424 1419 1479 l.
1444 1454 1480 1465 —
1503 1422 1594 1496 cnjus
1618 1423 1733 1481 semite
1750 1424 1872 1482 recorda·

177 1518 262 1575 dolus
277 1517 306 1573 in
323 1533 372 1574 ore
394 1518 459 1589 sJ'us
482 1517 509 1589 (Ι
520 1516 593 1571 Petr.
609 1515 648 1585 rr).
671 1535 685 1562 »
710 1512 745 1567 ht
769 1515 867 1566 tamen
893 1522 998 1580 passus
1053 1511 1142 1579 tione,
1158 1513 1217 1568 irno
1241 1512 1330 1569 divini
1350 1512 1455 1586 judicii
1481 1513 1595 1580 timore,
1621 1536 1635 1564 α
1656 1514 1783 1587 spiritus
1803 1531 1871 1571 mant

176 1613 231 1675 set,
260 1625 326 1665 cnm
355 1606 477 1664 heberet
500 1606 627 1663 mondss
650 1603 684 1658 ad
711 1607 799 1658 heum
829 1615 940 1672 preces,
967 1596 996 1652 id
1012 1626 1036 1692 B
1056 1602 1293 1670 attenuabitur.»
1311 1603 1471 1662 idestnon
1493 1607 1653 1663 crassescet
1677 1620 1714 1661 ex
1732 1604 1868 1677 superbia,

177 1705 223 1756 est
236 1715 305 1755 cum
324 1698 412 1754 etism
439 1714 489 1768 pro
515 1693 751 1769 persecutoribus
774 1690 836 1747 suis
865 1691 997 1746 exoraret
1055 1692 1132 1748 sicot
1146 1692 1313 1764 iniquorum
1337 1694 1469 1766 spiritus,
1485 1694 1565 1750 sed·
1590 1694 1804 1763 attenuabitur,
1818 1717 1832 1746 ι
1846 1694 1868 1750 ii

177 1791 253 1861 (Luc.
269 1792 360 1856 xxru).
376 1787 430 1844 Sed
448 1792 476 1842 ct
498 1787 561 1858 ipso
583 1785 687 1840 boatus
701 1781 756 1838 Job
772 1782 802 1836 in
824 1797 857 1836 eo
875 1778 1000 1833 inundes
1053 1787 1098 1838 est
1113 1782 1326 1840 humiliabitur.
1347 1783 1441 1839 sities
1457 1783 1513 1839 mei
1530 1783 1751 1853 breviabuntur,
1768 1806 1782 1835 n
1793 1785 1821 1840 id
1834 1792 1868 1841 est

178 1882 213 1936 ad
231 1884 321 1935 bourn
338 1892 437 1949 preces
453 1874 564 1941 habuit,
580 1873 659 1945 quod
678 1869 912 1926 conviciantibus
928 1882 998 1939 quo·
1053 1870 1155 1926 breves
1169 1888 1244 1939 esse,
1262 1877 1293 1927 ot
1309 1889 1376 1928 vere
1392 1877 1471 1939 sont,
1487 1889 1504 1928 a
1519 1888 1565 1928 me
1581 1872 1833 1945 reputabamus«
1844 1879 1868 1930 el

178 1986 234 2042 que
249 1967 353 2025 soricis
376 1964 532 2021 benevolus
547 1962 682 2027 existitit,
697 1966 727 2016 et
747 1963 865 2031 accepta
881 1961 937 2013 Deo
952 1971 999 2011 sa·
1052 1962 1149 2018 solum
1166 1961 1238 2017 mibi
1262 1966 1397 2034 superest
1420 1960 1601 2033 sepulcrum,
1619 1984 1633 2012 o
1657 1961 1793 2021 videlicet
1809 1966 1867 2036 qnia

176 2058 286 2115 criticis
302 2073 353 2129 pro
368 2053 427 2110 illis
441 2052 556 2110 obtulit.
1052 2056 1157 2107 cuncta
1172 2052 1327 2124 presentia
1342 2051 1501 2125 negligenti
1517 2052 1572 2109 hnc
1587 2052 1685 2109 solam
1702 2058 1791 2110 restat
1805 2068 1863 2110 con·

211 2147 298 2203 Vsus.
315 2145 358 2202 19.
386 2175 421 2185 -
448 2165 462 2192 v
492 2142 590 2209 Terra,
618 2154 654 2194 ne
683 2137 798 2209 operias
825 2135 998 2206 sanguinem
1052 2140 1191 2207 siderare,
1208 2139 1302 2213 quelis
1317 2141 1346 2196 in
1363 2141 1497 2214 sepulcro
1513 2141 1633 2198 iuturus
1648 2158 1728 2199 snm.
1905 2200 1908 2209 ,

177 2252 285 2294 meum.
303 2257 318 2286 >v
334 2234 408 2291 Mira
422 2231 584 2288 intentione
601 2246 652 2302 per
669 2227 868 2299 propheticam
878 2224 1001 2297 gratiam
1087 2229 1175 2286 Vsus.
1192 2232 1218 2286 2.
1236 2261 1269 2272 -
1287 2252 1300 2281 «
1319 2231 1380 2286 Non
1398 2229 1524 2304 peccavi,
1539 2253 1553 2282 n
1578 2231 1691 2289 scilicet
1706 2237 1818 2290 tantum
1831 2236 1864 2297 ut,
1905 2214 1908 2225 ¹

175 2323 389 2390 terramillam,
407 2318 659 2394 qocssnguinam
683 2314 790 2374 Christi
816 2331 874 2371 non
894 2313 998 2385 operit,
1051 2318 1315 2391 sicotopinamini,
1331 2319 1442 2392 impios
1461 2320 1503 2376 vel
1518 2320 1670 2394 hypocrita
1685 2322 1863 2391 sim;«etin
1906 2384 1908 2399 Ι

174 2416 225 2472 sed
237 2414 403 2478 cantitetur,
414 2415 441 2466 ct
457 2415 613 2481 utrurnqoc
630 2412 754 2479 postem,
770 2404 881 2460 scilicet
896 2403 998 2459 auitam
1053 2408 1301 2465 amaritudinibus
1318 2409 1490 2476 morabitur,
1504 2411 1615 2467 »idest
1630 2411 1659 2467 in
1676 2410 1865 2485 ilegeilisprs·
1906 2436 1908 2477 ε

174 2510 203 2561 ct
232 2500 547 2575 corporis,msnilests
571 2503 600 2554 et
625 2496 742 2569 publico
766 2492 910 2564 passionis
935 2493 999 2563 ejus
1051 2499 1197 2566 sentibus,
1215 2516 1285 2565 nnn,
1303 2498 1344 2554 nti
1359 2516 1408 2556 ros
1427 2500 1611 2567 existimati,
1629 2500 1864 2576 desperabit,setl
1906 2554 1908 2565 ,

174 2594 358 2652 consessione
382 2591 555 2661 consignat;
591 2598 706 2652 terrani,
738 2585 871 2657 inquam,
898 2582 998 2638 idest
1052 2589 1865 2661 amer-obitur»erpereererahiuaocuturmeos-it

174 2692 306 2743 sanctem
330 2682 502 2747 Ecclesiam,
528 2679 694 2735 obtestatur
714 2694 750 2732 ne
765 2674 887 2748 operiet,
904 2673 932 2729 id
953 2676 999 2728 cst
1054 2683 1099 2733 est
1115 2677 1238 2733 intentio
1255 2695 1329 2734 mea.

176 2780 361 2847 neuportum
387 2787 451 2828 esse
476 2772 559 2833 sinat,
578 2770 752 2840 sanguinem
777 2767 842 2837 ejus
865 2765 893 2819 in
917 2763 999 2819 senia
1100 2768 1188 2822 Vens.
1205 2767 1231 2823 3.
1248 2797 1282 2809 -
1297 2789 1311 2817 v
1329 2764 1433 2823 Libera
1449 2768 1669 2836 me,i)oorine,s
1685 2768 1866 2839 snbsnoi,hoc

174 2865 362 2929 detinentem,
378 2862 433 2917 hoc
455 2860 567 2916 scilicet
592 2873 699 2929 magna
723 2853 875 2911 devotione
898 2869 998 2925 percp·
1052 2853 1149 2911 dicam
1166 2872 1224 2911 non
1249 2856 1420 2926 desperans.
1442 2878 1457 2907 e
1479 2857 1582 2913 hibere
1597 2874 1655 2925 me,
1673 2860 1802 2932 inquam,
1816 2857 1864 2915 llo·

175 2962 240 3011 tans
256 2959 288 3008 ot
303 2952 333 3007 io
360 2949 502 3006 memoria
516 2952 626 3002 esterna
648 2947 721 3000 inter
745 2960 795 2998 cos
820 2941 995 3006 inveniatur,
1012 2970 1034 3038 c
1055 2943 1143 3009 mine,
1159 2963 1173 2993 »
1192 2942 1220 2996 id
1236 2948 1281 2997 est
1295 2940 1480 2999 liberatorem
1498 2958 1596 2999 meum
1616 2945 1861 3017 Christom‚qaem

174 3045 224 3118 qui
246 3046 281 3099 nb
297 3041 379 3098 initio
401 3038 499 3096 seculi
521 3036 676 3109 sangoinis
699 3032 807 3092 Christi
829 3031 997 3088 testimonio
1053 3031 1197 3087 rnissuros
1220 3047 1261 3096 es,
1288 3031 1381 3096 mitte,
1407 3053 1422 3081 «
1447 3037 1476 3088 et
1490 3049 1565 3105 pone
1580 3050 1665 3100 men
1684 3033 1716 3091 id
1731 3038 1785 3106 est,
1799 3034 1862 3091 snb·

172 3131 475 3189 enarmonicaverunt.
492 3150 506 3177 κ
530 3126 629 3195 Neque
653 3122 792 3188 inveniat,
811 3122 939 3193 inquam,
955 3119 997 3176 lc·
1052 3119 1188 3175 stantiam
1202 3136 1294 3176 meam
1310 3120 1339 3175 in
1352 3119 1403 3176 illo
1418 3119 1572 3194 Unigenitn
1586 3126 1638 3178 luo
1649 3122 1696 3179 lac
1708 3123 1863 3192 consedere,

173 3236 252 3286 vrum,
269 3241 283 3268 o
299 3219 328 3273 id
342 3222 386 3274 est
400 3214 595 3281 occasionem,
617 3232 627 3260 ι
644 3212 754 3268 latendi
772 3228 801 3266 tn
817 3217 854 3277 te,
872 3232 887 3261 e
904 3210 933 3265 id
954 3213 999 3265 est
1054 3207 1216 3277 «josberte,
1232 3208 1406 3279 etcojnsvis
1423 3226 1539 3279 manus,
1554 3211 1610 3266 »id
1627 3216 1674 3268 est
1692 3213 1754 3270 sive
1772 3211 1863 3279 tons,

173 3309 284 3380 :absque
299 3306 442 3363 memoria
456 3301 637 3359 transeundi.
657 3323 672 3352 e
696 3303 810 3356 Clamor
826 3315 920 3365 meos,
936 3321 951 3348 »
967 3297 997 3354 id
1052 3297 1112 3351 sive
1128 3296 1246 3369 pagani,
1262 3297 1322 3353 sive
1336 3297 1465 3354 haeretici
1481 3299 1673 3372 crudelitas,«
1687 3307 1798 3376 pugnet
1810 3317 1865 3359 con·

174 3402 217 3453 cet
238 3396 416 3453 desiderium
442 3409 551 3457 mcum,
578 3391 656 3465 qood
684 3391 808 3447 interius
823 3388 998 3445 vociferator
1052 3389 1097 3441 lra
1110 3402 1167 3452 mc,
1184 3408 1199 3435 o
1214 3386 1242 3442 id
1259 3391 1305 3443 est
1321 3392 1424 3444 contra
1449 3389 1536 3446 iidem
1561 3390 1710 3462 Ecclesiae,
1726 3409 1790 3467 qus
1811 3408 1863 3450 mea

174 3486 209 3541 rad
224 3492 328 3541 Deum.
1053 3475 1126 3531 ssdes
1136 3481 1191 3532 est.

209 3575 295 3631 Voss.
311 3574 356 3630 20.
372 3605 407 3614 -
423 3596 437 3624 a
453 3572 526 3629 Ecce
540 3570 618 3626 onim
634 3568 663 3624 in
680 3568 750 3625 cneio
766 3567 851 3624 testis
867 3583 961 3633 meus,
980 3587 995 3617 o
1085 3563 1175 3621 Vens.
1192 3566 1217 3620 i.
1240 3595 1274 3608 -
1291 3588 1305 3617 v
1328 3566 1383 3623 Cor
1406 3583 1520 3639 eornm,
1538 3591 1553 3619 »
1577 3568 1691 3627 scilieet
1706 3588 1825 3642 quorum
1839 3570 1861 3626 in

175 3689 188 3715 a
206 3663 334 3730 incaelo,
351 3683 363 3714 v
389 3661 523 3731 iuquam,
541 3664 665 3723 tanturn,
682 3674 748 3712 nam
765 3657 793 3711 in
817 3661 894 3711 terra
909 3654 996 3710 amici
1050 3659 1152 3727 typum
1169 3653 1255 3710 amici
1271 3656 1329 3711 mci
1345 3661 1504 3713 contrsme
1519 3663 1661 3730 pugnant,
1679 3683 1693 3712 s
1711 3659 1797 3734 longe
1809 3658 1862 3717 leci·

174 3771 291 3828 qooqna
307 3753 362 3809 roei
379 3769 424 3808 rue
440 3754 633 3807 detestantur.
652 3772 662 3796 ·
681 3747 717 3803 Et
729 3747 865 3803 conscios
882 3761 992 3810 meus·
1050 3744 1098 3812 nti,
1116 3765 1130 3793 »
1149 3744 1177 3800 id
1201 3750 1247 3800 est
1264 3742 1350 3816 longe
1372 3760 1437 3801 esse
1461 3747 1544 3817 justo
1567 3747 1679 3819 judicio
1704 3746 1861 3822 permisisti,

173 3845 284 3900 scilicet
299 3842 349 3916 qoi
364 3840 444 3898 solus
460 3856 509 3894 cor
531 3855 627 3894 trienni
644 3835 804 3909 cognoscit,
822 3856 836 3885 v
859 3834 888 3889 in
904 3832 996 3889 excel·
1051 3855 1065 3884 α
1081 3832 1273 3904 adisciplina,
1290 3855 1305 3881 n
1321 3865 1350 3874 -
1368 3856 1382 3883 «
1398 3850 1459 3903 cor,
1475 3834 1635 3907 uinquam.
1647 3841 1719 3910 quia
1732 3838 1795 3895 elsi
1810 3854 1861 3895 cnr

173 3933 224 3998 sis,
242 3954 256 3982 v
277 3930 402 3988 subaudi
422 3934 476 3996 est,
494 3927 543 3983 ubi
567 3927 603 3982 ab
619 3925 738 3981 bomine
755 3921 867 3979 rrrortnli
888 3938 995 3980 conve·
1049 3938 1104 3993 pus
1120 3921 1175 3976 suh
1191 3920 1347 3993 disciplina
1361 3928 1416 3988 est,
1433 3923 1502 3980 dum
1516 3925 1588 3980 torte
1603 3925 1765 3998 aliquando
1780 3926 1862 4001 ilrgei·

174 4022 227 4079 uiri
245 4038 302 4077 non
320 4025 423 4092 potest.
440 4017 520 4084 Quod
537 4016 562 4071 si
577 4015 605 4069 in
628 4026 727 4087 typum
750 4011 844 4084 ipsius
867 4010 994 4066 Salvato·
1048 4007 1138 4076 latur,
1154 4010 1242 4075 sicut,
1260 4009 1340 4066 verbi
1365 4013 1467 4080 cratis,
1491 4013 1584 4069 Judsi
1600 4031 1618 4071 a
1633 4014 1775 4074 Romanis
1797 4014 1860 4074 occi·

173 4110 212 4165 ris
227 4107 378 4179 accipitur,
395 4107 481 4177 cujus
502 4103 687 4176 sanguinem,
701 4105 733 4156 ut
753 4100 921 4172 predictum
937 4105 992 4166 est,
1048 4098 1167 4161 duntur,
1183 4103 1211 4153 et
1225 4099 1254 4153 in
1270 4114 1373 4154 omues
1394 4106 1497 4172 gentes
1520 4101 1626 4174 captivi
1647 4104 1809 4173 ducuntur,
1822 4118 1862 4161 cnr

171 4206 257 4264 terra,
273 4198 302 4251 id
319 4202 363 4252 est
379 4194 518 4259 Ecclesia,
537 4212 591 4248 non
609 4194 704 4265 operit
718 4190 906 4255 silenti0,scvl
920 4197 944 4244 et
963 4189 992 4244 in
1048 4190 1156 4252 lumen,
1170 4187 1296 4242 subaudi
1314 4189 1479 4261 disciplina,
1497 4207 1555 4246 nun
1573 4198 1628 4258 est,
1644 4193 1716 4252 dum
1734 4200 1775 4253 tot
1790 4194 1863 4253 malis

169 4295 351 4343 sacramento
367 4282 504 4347 celebrat,
520 4287 549 4336 rt
564 4282 620 4336 lide
636 4279 753 4352 publica
770 4279 937 4343 cantitetur,
954 4282 993 4333 te-
1047 4275 1083 4330 nd
1113 4275 1310 4331 bunrilitatcm
1331 4284 1358 4332 st
1386 4280 1589 4350 poenituntism
1618 4299 1677 4338 nnn
1715 4286 1863 4351 reducitur,

170 4375 223 4431 ,rig
239 4397 253 4426 «
268 4380 293 4430 eq
309 4372 445 4430 conscius
461 4392 475 4419 »
492 4370 557 4443 ejus
571 4370 632 4439 lpse
648 4375 677 4423 et
692 4368 784 4435 Pater,
798 4368 833 4424 rte
848 4367 992 4439 quoidam
1008 4338 1030 4402 Ῐ)
1049 4384 1064 4414 v
1080 4371 1229 4434 propterea
1244 4381 1302 4420 non
1316 4365 1567 4437 exaltabimur,-
1587 4370 1718 4428 snbcudi
1741 4374 1816 4446 apud
1834 4378 1863 4441 ts,

170 4465 229 4519 ait:
246 4484 260 4513 s
283 4459 536 4518 Ettestimooiurn
554 4457 738 4530 perhibctde
763 4473 820 4524 mc,
837 4457 886 4529 qui
913 4456 993 4511 misit
1047 4450 1267 4524 quiavidelicel
1292 4453 1550 4529 exallssnlurapud
1577 4474 1620 4530 8⁰,
1637 4459 1698 4516 imo
1723 4470 1864 4534 propiore!

172 4568 226 4613 rura
243 4550 328 4606 Pater
342 4552 435 4621 (loca.
451 4547 523 4617 viu).
537 4550 632 4601 »item
644 4546 671 4600 in
684 4543 817 4601 Psalmo:
832 4568 846 4597 α
858 4544 990 4614 nornine,
1046 4542 1232 4614 dejicientur,
1247 4543 1323 4599 sicut
1351 4544 1492 4618 scripturn
1519 4553 1582 4605 est:
1608 4572 1622 4600 e
1654 4548 1796 4623 Dejscisti
1823 4565 1863 4608 eut

171 4638 297 4710 probasti
315 4652 361 4691 me
376 4640 405 4692 et
419 4633 582 4705 cognovisti
599 4649 645 4688 me
660 4631 744 4703 (Psoi.
759 4635 990 4701 coruscatioc.
1046 4631 1117 4688 (lom
1133 4631 1424 4704 allevarentur(Psai.
1442 4638 1537 4709 saxu).
1555 4655 1569 4691 s

203 4726 293 4783 Vnss.
309 4726 358 4783 21.
377 4756 411 4767 -
424 4746 438 4774 r
449 4722 570 4780 Verbosi
586 4720 672 4776 amici
690 4720 757 4789 rnei,
774 4742 789 4770 a
804 4721 929 4777 subaudi
944 4738 990 4778 es·
1081 4733 1168 4786 vans.
1180 4730 1207 4786 5.
1219 4761 1252 4772 -
1269 4750 1282 4782 v
1300 4732 1431 4787 Praedam
1443 4733 1598 4805 pollicetur
1609 4736 1708 4796 sociis.
1723 4762 1738 4790 a
1749 4740 1822 4798 Cum
1833 4738 1862 4793 dt

169 4814 215 4884 tis,
232 4812 448 4885 videlicet,quis
459 4811 546 4867 rebus
562 4809 681 4865 omissis
695 4808 783 4866 vcrlvs
797 4812 910 4864 tantum
925 4826 992 4865 con·
1046 4819 1232 4876 multitudine
1247 4819 1414 4892 iniquorum
1432 4821 1716 4896 loqueretur‚sobicc
1732 4830 1769 4888 ad
1785 4832 1862 4902 capnt

168 4903 295 4959 cinnatis
314 4901 468 4974 loquentes
483 4917 548 4973 quse
562 4900 598 4955 sd
616 4914 676 4954 rcrn
697 4914 754 4953 non
770 4896 927 4970 pertinent,
945 4900 990 4955 id·
1045 4910 1139 4975 rediit,
1156 4911 1205 4982 qui
1222 4926 1287 4966 mos
1301 4920 1341 4965 est
1366 4911 1502 4984 frequens
1518 4914 1547 4970 in
1571 4914 1742 4989 Scripturis.
1765 4942 1781 4971 v
1796 4924 1859 4976 Ρη.

166 4992 242 5047 circo
254 5015 268 5043 v
280 4994 314 5048 nd
330 4992 419 5048 Deum
433 4989 638 5046 stillatoculus
649 5005 766 5053 meus·
788 4988 815 5042 hl
832 4990 990 5048 estdclinit
1043 4998 1122 5063 dam,
1139 4998 1244 5070 inquit,
1261 4998 1424 5072 pollicetur,
1442 5023 1456 5053 v
1481 5003 1592 5061 scilicet
1606 5004 1702 5064 hostis
1718 5008 1858 5083 antiquus.

166 5081 328 5153 lacrymosa
349 5081 573 5151 compunctione
598 5079 720 5134 intentio
743 5093 818 5145 mea,
844 5080 967 5138 dicendo
980 5099 986 5137 :
1044 5108 1058 5137 v
1073 5088 1190 5154 sociis»
1201 5088 1230 5142 id
1243 5094 1289 5144 est
1301 5089 1454 5160 spiritibus
1466 5091 1615 5163 malignis.
1627 5095 1763 5157 videlicet
1775 5108 1859 5156 aaran

163 5193 177 5222 v
194 5170 263 5226 Ecce
279 5170 308 5225 in
322 5171 393 5227 coelo
409 5172 494 5227 tostis
510 5186 603 5235 rnous,
620 5175 649 5223 at
664 5167 802 5224 conscios
819 5184 932 5227 ursus«
1041 5176 1167 5242 animas,
1181 5192 1306 5248 qnorum
1323 5193 1385 5245 cor,
1403 5184 1435 5233 ut
1447 5180 1556 5238 dictum
1572 5189 1628 5253 ast,
1642 5182 1857 5260 longeertndi·

198 5264 286 5316 Vsus.
309 5260 355 5316 22.
373 5290 406 5301 -
422 5282 436 5309 a
462 5261 553 5330 Atque
568 5257 681 5312 utinarn
706 5259 748 5311 sic
758 5256 953 5328 jonicarernr.
971 5282 985 5311 v
1041 5264 1176 5337 sciplins.
1193 5288 1207 5315 a
1224 5264 1307 5321 Oculi
1324 5265 1452 5324 illiorum
1469 5269 1544 5340 ejus,
1561 5296 1573 5326 v
1604 5271 1698 5330 idest
1721 5293 1811 5349 prave
1824 5275 1857 5329 in·

161 5350 188 5406 id
206 5355 250 5407 est
264 5356 293 5407 et
307 5350 331 5407 si
347 5347 438 5422 (quod
455 5348 567 5404 utinam
592 5345 695 5418 lieret),
711 5367 725 5394 t<
747 5345 790 5402 sic
801 5347 987 5416 judicaretur
1041 5354 1184 5411 tentiones
1200 5353 1370 5427 sequacium
1386 5357 1483 5427 eloe«
1499 5358 1650 5433 deficiant,
1661 5384 1677 5416 s
1688 5366 1761 5439 quia
1775 5360 1858 5423 vitati

160 5440 206 5494 vir
220 5455 284 5492 rura
297 5437 516 5509 nuvqnomone
526 5435 678 5503 ¹ludicatur
688 5433 768 5491 lilius
780 5434 907 5496 henricis
918 5455 984 5497 conr
1040 5448 1086 5500 cet
1102 5443 1155 5500 hoo
1168 5448 1280 5514 amant,
1297 5445 1374 5518 qnod
1390 5445 1439 5503 diu
1457 5453 1555 5507 tenere
1570 5467 1630 5510 nnn
1643 5451 1856 5526 possuntonrd
