3832 6008
71 196 130 255 tttti
505 191 708 255 nonnette.
731 190 770 251 ttt
792 191 963 254 canutus
984 188 1142 256 canite.
1163 224 1202 238 -
1223 192 1297 255 ute.
1320 193 1371 255 tt.
1719 202 1784 265 9oe

71 334 100 385 et
113 329 180 386 inda
191 343 250 384 non
265 327 358 384 solum
375 326 485 383 lsstatar
500 342 559 394 cor,
581 341 677 383 rerunt
699 325 784 383 etiam
803 325 895 383 exsul·
908 329 937 396 Α
952 326 1069 392 medita,
1085 346 1100 378 n
1114 325 1237 394 igitur..
1255 326 1352 393 amici,
1367 327 1507 397 cibibus,
1527 334 1556 388 ei
1576 331 1778 413 inebriamini,

71 427 112 475 tat
127 434 193 474 earo
210 426 255 486 ;et
268 417 380 473 idcirco
395 416 452 472 disi
469 432 476 472 :
495 439 509 469 a
525 417 589 474 Ribi
604 418 703 472 vinum
719 431 814 471 meum
831 432 898 474 cnm
950 414 1122 473 charissimi.
1139 437 1153 464 a
1169 418 1228 473 lloc
1241 431 1330 473 unum
1347 419 1382 475 de
1402 418 1546 476 similibus
1560 420 1663 493 loquor
1683 423 1777 487 vobis.

69 510 145 566 lacte
162 525 233 564 tneo.
253 532 266 557 n
286 509 343 564 lloc
367 507 464 564 tinum
490 523 599 574 meum,
623 506 798 563 oblivionem
825 503 897 561 mibi
950 506 986 560 de
1002 503 1144 561 similibus
1157 505 1309 575 serpentis.
1325 506 1389 563 Non
1404 509 1483 564 enlm
1500 509 1562 566 sine
1580 527 1665 568 causa
1686 514 1774 574 dixi:

71 599 139 655 iecit
153 597 282 652 laborum
299 596 518 668 praeteritorum,
532 597 614 667 juxta
625 595 695 653 tiluri
710 611 718 652 :
736 617 747 645 ι
765 594 805 650 lia
821 597 896 651 sice·
949 611 964 640 «
980 590 1016 645 El
1030 591 1104 647 sicul
1118 594 1211 649 Muses
1225 592 1357 650 exaltarit
1374 601 1537 667 serpentem
1553 598 1583 655 in
1598 600 1721 669 deserto,
1733 601 1773 656 ita

71 707 131 746 ram
148 690 373 757 mereatusne
391 689 515 757 bantuel,
531 693 560 745 ei
571 689 669 744 tinum
684 686 786 758 bisqui
798 702 895 743 amaro
948 680 1066 736 exultari
1081 690 1194 753 oportet
1209 681 1313 738 Filium
1330 683 1503 753 bominis‚ut
1516 687 1614 744 omnis
1624 688 1674 760 qai
1684 690 1776 747 eredit

69 786 140 837 suni
154 780 263 837 animo.
280 780 382 835 liibant
398 788 425 835 ei
437 776 795 847 obliviscantarearestatis,
806 783 833 831 ei
844 776 895 831 ‹lo-
948 766 978 824 iss
994 769 1067 839 {9⁸⁰2
1083 786 1140 826 ¹¹⁰⁰
1150 772 1305 840 Ρθιθιῑιῦθᾶ
1319 771 1423 829 babeat
1433 775 1524 832 tilam
1535 784 1672 833 aeletntttu
1684 778 1773 850 (ioan.

70 871 138 927 loris
154 887 212 925 nen
229 871 415 926 recordentur
429 867 554 939 amplius
568 869 664 938 (Pron.
687 866 774 936 xrxr).
790 886 804 914 n
818 862 894 930 etot,
947 858 1000 928 ιιι).
1015 880 1029 910 s
1046 858 1121 927 Non,
1133 860 1262 932 inquam,
1277 861 1340 919 sine
1354 878 1441 919 cansa
1461 864 1533 934 dixi,
1549 867 1615 937 quia
1641 864 1774 927 videlieet

67 969 95 1016 et
110 959 267 1015 bibendum
283 958 347 1014 detti
369 958 423 1024 bis,
449 955 497 1027 qui
520 972 617 1012 amaro
642 969 755 1010 meeum
779 953 894 1009 luerunt
946 963 1012 1005 ecce
1026 947 1128 1017 loquor
1144 949 1222 1006 robis
1238 965 1328 1007 onum
1340 954 1374 1009 de
1384 953 1528 1010 sterilibus
1543 957 1772 1026 serpentis.Quid

67 1050 175 1114 animo,
188 1047 287 1104 vinum
301 1063 364 1104 cum
380 1045 455 1103 lacte
466 1062 539 1102 meo.
552 1044 687 1102 Biberunt
701 1040 894 1100 etobiltisunt
945 1042 989 1093 est
1003 1035 1086 1106 iliad,
1103 1053 1192 1095 unum
1209 1038 1245 1096 de
1261 1040 1432 1098 similibus?
1450 1064 1464 1093 a
1481 1041 1641 1115 comedite,
1655 1067 1670 1095 n
1681 1047 1773 1119 inquii

67 1141 200 1209 egestatis
215 1147 298 1209 atque
313 1137 421 1193 doloris
436 1152 444 1191 t
461 1134 605 1207 egestatis,
621 1151 675 1206 qna
686 1133 766 1206 prius
778 1141 893 1202 egentes
943 1124 1003 1192 ille,
1021 1149 1035 1177 ‘t
1050 1132 1079 1182 θ)
1093 1126 1173 1183 erilis
1186 1129 1259 1185 ιίθιῑ
1273 1128 1325 1196 dii,
1343 1131 1485 1188 comedite
1506 1136 1534 1189 el
1559 1133 1659 1205 bibite,
1677 1157 1692 1185 n
1717 1152 1771 1208 ego

68 1230 189 1297 lucrant,
208 1233 303 1299 utpote
333 1250 347 1277 «
378 1226 510 1282 homines
531 1224 595 1281 siae
619 1223 723 1279 litteris
746 1229 772 1277 et
798 1220 891 1276 idiotae
943 1217 1061 1282 diamet-
1083 1218 1163 1274 eritis
1188 1219 1364 1289 veserantia,
1390 1223 1556 1293 quodsum
1579 1239 1631 1295 ego
1656 1235 1769 1292 natura,

68 1321 143 1391 (Aci.
161 1319 220 1391 rv);
236 1338 250 1370 s
269 1316 385 1381 doloris,
402 1332 458 1388 quo
480 1323 595 1387 propter
617 1311 780 1384 passionem
796 1325 891 1367 meam
943 1304 1052 1362 seilicet
1064 1305 1115 1361 lilii
1131 1307 1189 1364 bei.
1202 1306 1300 1378 Neque
1315 1309 1368 1375 illi,
1381 1308 1511 1368 videlicet
1529 1312 1612 1383 primi
1627 1314 1768 1384 homines,

65 1408 228 1475 doluerant,
239 1407 311 1462 sicut
333 1406 518 1476 predixeram
534 1403 575 1459 eis
591 1403 649 1473 jam
665 1401 734 1458 hora
749 1397 891 1472 passionis
942 1395 972 1450 in
988 1393 1082 1450 iruciu
1099 1394 1168 1466 ligni
1183 1397 1261 1453 vetiti
1279 1396 1412 1455 ridebant
1428 1399 1483 1456 boc
1495 1403 1571 1473 qaod
1597 1403 1766 1472 audiebant,

60 1497 240 1554 imminente
255 1516 263 1565 i
283 1517 295 1548 a
313 1494 364 1551 sed
379 1493 443 1566 quia
460 1493 520 1550 bec
535 1493 647 1548 locutus
662 1505 725 1546 sunt
742 1488 820 1545 robis
837 1488 889 1542 tri·
941 1484 1052 1540 seilicet
1067 1484 1642 1560 divinitatiseileetammequerossidetis
1654 1494 1682 1548 in
1695 1510 1769 1563 pene

64 1587 140 1642 stitia
158 1585 285 1656 implerit
299 1600 349 1641 cer
365 1588 489 1640 restrum
502 1581 592 1653 (ioan.
609 1579 678 1652 ιιι).
694 1601 708 1631 a
722 1579 792 1635 item
807 1591 815 1633 ι
828 1598 842 1627 a
854 1576 889 1632 tlt
941 1581 969 1628 et
983 1574 1050 1629 rino
1065 1574 1258 1645 corporalibus
1275 1577 1377 1646 oeulis,
1394 1579 1436 1635 sio
1450 1594 1522 1650 esse,
1540 1584 1572 1635 ui
1585 1581 1650 1637 dieo
1662 1597 1767 1654 corpus

65 1675 211 1746 vosigitur
227 1690 304 1730 nuno
325 1671 443 1745 quidem
466 1668 613 1727 tristitiam
637 1666 759 1734 habetis,
782 1667 887 1721 iterum
942 1662 1151 1734 etsanguinem
1167 1680 1273 1722 meum.
1295 1665 1341 1722 illi
1361 1667 1494 1724 ridebant
1516 1669 1699 1729 solummodo
1721 1691 1767 1730 ar·

63 1773 161 1820 autem
176 1764 277 1820 ridebo
293 1779 351 1829 ros,
367 1770 392 1818 et
405 1760 539 1837 gaudebit
553 1765 750 1823 cotteanum,
766 1762 795 1812 et
817 1768 890 1827 gau·
944 1751 1022 1808 boris
1038 1769 1164 1823 pomum,
1181 1770 1230 1811 ros
1245 1754 1347 1812 ridetis
1358 1757 1539 1816 solummodo
1564 1776 1666 1830 panem
1680 1766 1709 1818 et
1724 1764 1765 1820 ri·

66 1840 730 1925 diomrestramnemotolletavobispiidi
750 1843 889 1898 »tieem
943 1842 1300 1915 numPiusllleserpens
1322 1862 1407 1917 quam
1432 1849 1575 1907 rideretur
1595 1851 1672 1908 credi
1695 1852 1763 1909 sibi·
1853 1884 1856 1889 <
1894 1864 1898 1871 '

66 1946 245 1997 aramentum
258 1932 480 2008 nescientes,un
489 1934 622 1995 ridebant
632 1930 818 1991 etaodiebani
828 1946 887 2001 eos,

63 2030 173 2087 scilicet
189 2031 262 2102 qnod
279 2029 414 2085 bibissem
427 2042 488 2101 ego·
503 2032 531 2101 qt
551 2025 725 2097 gustandam
747 2019 887 2091 prebuis-

62 2137 123 2176 sem
141 2121 198 2176 rllis
211 2121 306 2176 tinum
322 2134 416 2174 meum
432 2130 509 2195 eum
524 2124 586 2172 acte
601 2130 675 2181 meo,
687 2111 885 2176 dicebantme·

61 2212 185 2265 scientes
200 2208 266 2280 quid
284 2206 479 2279 loquerentur,
495 2203 593 2274 aquia
607 2209 702 2258 musto
722 2199 802 2272 pleni
817 2200 886 2254 sani

61 2299 108 2354 isti
126 2299 194 2371 (iet.
209 2300 251 2368 ιι).
270 2320 283 2348 a
301 2296 428 2366 lienique
444 2290 581 2366 Spiritum
601 2298 731 2347 sanctum
751 2291 884 2345 dederam

62 2388 132 2455 illis,
147 2388 284 2457 Spiritum
302 2384 489 2450 Paracletum,
510 2381 559 2454 qui
574 2397 650 2438 unus
675 2380 808 2450 idemque
831 2384 884 2444 esi,

62 2485 89 2532 et
102 2478 200 2532 sinam
218 2492 323 2542 mcum,
340 2484 365 2531 st
378 2475 421 2530 iae
438 2488 533 2529 meum
548 2489 557 2530 z
573 2471 672 2526 vinum
695 2483 802 2536 meum,
819 2465 885 2534 quia

59 2564 442 2636 nandiumdepraasentibus
456 2558 612 2631 bonis'qiac
624 2575 730 2626 meum,
742 2560 885 2628 quincon-

60 2656 162 2711 solatio
175 2656 209 2710 rie
225 2652 379 2726 praeteritis
395 2649 500 2720 malisq
519 2651 616 2707 tinum
633 2662 741 2713 meum,
758 2647 826 2717 quia
837 2645 881 2700 di·

60 2744 145 2801 lectio
158 2745 229 2812 Dei;
247 2746 289 2800 lac
307 2759 414 2812 mcum,
429 2744 494 2813 qnia
505 2740 620 2799 dilectio
632 2738 765 2809 proximi.
791 2735 824 2792 tlt
837 2735 882 2791 di·

57 2837 156 2890 cebam
170 2835 211 2890 eis
228 2850 234 2891 :
250 2855 263 2884 a
276 2834 430 2902 Comsdtte,
444 2830 529 2887 amici
545 2846 553 2897 ;
565 2828 703 2894 alhibita,
715 2823 883 2883 etinebria·

58 2923 141 2987 mini,
155 2923 328 2980 charissimi.
341 2944 355 2973 n
366 2920 437 2985 Quid
452 2917 620 2981 comedetis,
636 2921 666 2973 ct
679 2915 746 2987 quid
756 2912 883 2970 bibetis?

942 1936 1000 1988 met
1012 1933 1109 2002 rolait,
1126 1940 1154 1991 et
1168 1936 1308 1993 creditum
1323 1950 1365 1994 est
1376 1937 1430 2006 ilii,
1445 1938 1509 2009 plus
1522 1944 1553 1996 et
1565 1957 1617 2013 ego
1643 1944 1716 2000 mibi
1731 1949 1764 2000 ιιι

941 2023 1063 2079 credatis
1077 2024 1159 2096 erigo
1174 2042 1259 2097 quem
1272 2028 1366 2085 videre
1381 2029 1496 2099 possitis
1509 2032 1640 2102 eorporis
1658 2034 1761 2102 oculis.

940 2116 968 2168 ei
983 2114 1157 2170 credendum
1173 2121 1217 2171 est
1233 2116 1315 2186 mibi,
1331 2127 1361 2174 ui
1377 2134 1431 2190 quo
1446 2120 1547 2176 ordine
1570 2137 1647 2179 mors
1671 2123 1761 2180 intro·

938 2199 1001 2265 irit,
1016 2202 1115 2259 eudem
1132 2204 1207 2261 ieras
1222 2206 1359 2272 mittatur,
1377 2214 1404 2263 et
1420 2208 1476 2263 rita
1487 2208 1602 2266 sublata
1618 2213 1692 2267 male
1703 2228 1765 2270 cre-

938 2291 1035 2358 dulus,
1052 2291 1124 2349 bene
1137 2293 1322 2351 erodentibus
1337 2303 1529 2367 recuperetur.
1548 2302 1609 2367 Quo
1624 2301 1701 2357 enim
1717 2318 1762 2359 or·

939 2378 1007 2435 dine
1022 2380 1077 2437 rita
1091 2381 1201 2439 sublata
1214 2392 1255 2439 est
1270 2392 1298 2441 ei
1312 2400 1388 2441 mers
1400 2385 1527 2444 introivit
1543 2386 1762 2459 iEouidclicet,

940 2477 970 2524 ut
981 2479 1070 2525 morte
1085 2472 1188 2527 aniane
1204 2476 1392 2544 precedente,
1406 2492 1483 2533 mors
1496 2478 1592 2534 caruis
1607 2478 1761 2550 subseque-

939 2566 1028 2615 retur.
1044 2559 1114 2616 Nam
1131 2577 1186 2634 quc
1201 2563 1246 2619 die
1259 2567 1447 2623 comederunt
1463 2568 1548 2638 primi
1566 2569 1698 2626 heminas
1713 2586 1760 2625 re-

939 2648 1034 2714 titum.
1049 2650 1149 2708 eodem
1166 2660 1259 2708 morte
1274 2655 1388 2722 animae,
1403 2661 1493 2713 morte
1515 2658 1623 2728 peccati
1651 2658 1761 2715 mortui

937 2746 1014 2806 sunt,
1029 2749 1055 2796 et
1074 2739 1178 2797 deinde
1200 2748 1293 2798 morte
1310 2743 1416 2814 carnis,
1440 2759 1491 2801 suo
1513 2762 1626 2816 qnoque
1648 2749 1694 2803 dte
1719 2747 1761 2804 rel

937 2831 1067 2897 tempore
1082 2829 1111 2884 in
1128 2830 1273 2900 pulverem
1289 2833 1393 2888 reversi
1409 2838 1487 2890 sont.
1509 2834 1551 2890 lbi
1576 2851 1627 2891 ves
1650 2852 1762 2906 qaoque

936 2918 1034 2988 amici,
1050 2927 1078 2975 ei
1091 2921 1249 2977 secundnm
1261 2922 1389 2978 animam
1410 2924 1525 2990 mortui,
1549 2931 1575 2981 et
1600 2927 1760 2982 secundum

60 3012 203 3070 Nimirum
229 3010 375 3083 reliquias,
397 3024 468 3080 quas
489 3024 541 3078 ego
565 3003 767 3078 sumensfldedi
791 3001 881 3068 robis,
935 3021 1050 3065 carnem
1067 3009 1202 3067 mortales
1216 3010 1282 3067 iacti
1293 3013 1371 3068 estis.
1397 3034 1412 3063 a
1441 3014 1472 3070 ln
1497 3015 1587 3071 Adam
1613 3037 1628 3065 a
1654 3018 1760 3087 quippe

60 3103 193 3172 reliquias
208 3101 332 3157 lavimei
345 3106 373 3156 et
388 3098 481 3155 meliis
498 3096 565 3164 mei,
580 3094 717 3167 reliquias
743 3091 801 3149 tini
825 3073 919 3147 mciss
939 3113 1065 3155 somnes
1080 3100 1277 3173 moriuntur(i
1301 3100 1363 3156 cor.
1384 3102 1443 3175 xv),
1470 3125 1485 3154 a
1505 3108 1534 3158 et
1559 3103 1612 3160 boc
1636 3106 1761 3161 solenter

59 3199 85 3246 et
101 3191 182 3246 lactis
200 3191 267 3261 mei,
285 3205 341 3245 non
357 3189 420 3244 sine
444 3186 574 3260 reliquiis
597 3183 720 3258 myrrae
747 3197 816 3237 mec
841 3178 883 3236 tul
938 3189 1136 3260 unusquisque
1152 3196 1275 3246 restrum
1288 3191 1451 3248 cantitetur.
1473 3191 1557 3249 Nunc
1579 3203 1674 3250 autem
1690 3195 1759 3265 quid

61 3280 148 3350 piscis
160 3280 216 3335 assi
240 3279 311 3336 mei.
337 3277 401 3334 Neo
425 3278 568 3348 quomodo
591 3289 708 3346 serpens
734 3268 883 3327 mulierem
937 3277 1054 3346 spiritus
1067 3277 1162 3334 dteitt
1176 3302 1190 3329 a
1204 3279 1328 3349 literam,
1338 3279 1458 3348 eierare,
1469 3297 1612 3355 consurge
1621 3284 1758 3341 Hierusa-

59 3373 157 3439 Evam,
174 3380 200 3426 et
216 3369 320 3424 mulier
333 3370 427 3424 virum
443 3381 529 3422 snum
546 3363 717 3421 inritaritsd
734 3364 885 3419 camerien-

60 3458 141 3524 dum,
158 3475 208 3530 ego
224 3458 314 3514 intrito
330 3473 379 3513 rus
393 3457 427 3511 ad
444 3453 656 3512 comedendum
670 3449 881 3516 etbibenrlam;

61 3547 119 3602 imo
134 3557 233 3603 contra
246 3545 318 3601 illud
334 3544 408 3616 qaod
424 3542 468 3599 illi
489 3543 686 3607 comederunt,
709 3554 761 3609 ego
783 3552 882 3594 neces·

58 3635 139 3691 sarias
153 3635 338 3692 comestionis
352 3639 438 3705 atque
452 3631 599 3688 bibitionis
612 3644 725 3700 appone
738 3628 817 3684 uobis
831 3641 883 3682 au·

59 3727 192 3782 tidotum.
210 3725 334 3794 Serpens
348 3738 407 3779 non
420 3721 505 3776 dabat
520 3718 578 3775 iliis
598 3720 633 3775 de
654 3733 716 3786 suo,
741 3717 790 3774 sed
812 3732 883 3771 sna·

60 3815 145 3870 debat
163 3829 259 3885 rapere
274 3816 309 3870 de
324 3813 428 3869 alieno.
446 3811 504 3884 ligo
520 3809 556 3865 do
572 3807 651 3866 robis
665 3807 701 3862 de
716 3804 883 3880 proprio,de

59 3906 124 3960 lavo
137 3910 163 3959 et
176 3902 260 3959 nretle
274 3918 348 3970 moe,
364 3902 400 3958 de
415 3903 482 3957 uine
497 3914 560 3955 mee
575 3906 602 3954 et
617 3898 690 3953 laete
704 3912 777 3964 meo,
788 3895 846 3951 imo
856 3902 883 3950 et

59 3995 95 4048 de
110 4008 228 4064 corpore
245 4008 317 4053 meo,
331 3992 367 4048 de
381 3991 524 4061 sanguine
538 4004 614 4057 mco,
631 3985 758 4042 simulet
774 3982 882 4055 despi-

58 4086 115 4139 ritu
133 4099 206 4140 meo.
217 4082 340 4153 Spiritus
357 4082 404 4137 bie
415 4081 560 4137 veritatem
573 4076 698 4149 loquitur
715 4074 797 4131 vobis
816 4090 883 4131 con·

937 3366 1005 3434 lem,
1022 3384 1084 3438 qnae
1100 3367 1196 3425 bibisti
1214 3369 1249 3425 de
1263 3386 1348 3426 manu
1365 3371 1479 3427 Domini
1493 3373 1613 3429 calicem
1625 3375 1672 3429 irae
1684 3374 1758 3446 ejus,

937 3465 964 3511 et
981 3471 1070 3527 usqne
1085 3458 1118 3511 ad
1135 3457 1255 3514 landum
1271 3459 1391 3517 euticem
1406 3462 1516 3530 soporis
1531 3462 1640 3528 bibisti,
1662 3472 1690 3519 et
1704 3481 1759 3536 po·

937 3545 1004 3600 lasti
1020 3560 1107 3616 usque
1121 3546 1156 3600 ad
1172 3547 1265 3603 laces.
1282 3551 1342 3604 bno
1359 3558 1426 3604 sunt
1440 3565 1503 3619 quae
1518 3560 1705 3607 occurrerunt
1722 3551 1757 3607 ti·

938 3632 978 3699 bi,
993 3633 1122 3702 vastitas,
1138 3638 1166 3691 et
1180 3637 1323 3703 contritio,
1339 3645 1367 3693 et
1390 3637 1478 3695 lomes
1493 3647 1521 3695 et
1541 3626 1667 3711 gladios.
1696 3639 1760 3695 titii

938 3723 977 3779 tui
993 3723 1110 3794 projecti
1125 3729 1203 3791 suni,
1214 3724 1393 3781 dormierunt
1407 3726 1539 3797 incapite
1551 3728 1684 3784 omniurn
1697 3729 1758 3799 pla·

937 3819 1057 3881 tearum,
1072 3812 1145 3869 sicut
1162 3812 1250 3869 bestia
1268 3813 1431 3886 illaqueata,
1459 3816 1536 3885 pieni
1563 3816 1759 3887 indignatione

939 3901 1064 3968 bomini,
1084 3902 1279 3972 increpatione
1304 3902 1355 3958 list
1389 3905 1430 3960 tui
1457 3905 1521 3977 (iac.
1552 3908 1599 3974 st).
1633 3906 1758 3970 nouam

935 3991 1006 4047 dicit
1019 3991 1246 4055 indicnatioaem
1261 3991 1387 4059 Domini,
1399 3993 1460 4064 ipsa
1471 3995 1598 4051 doleat
1609 4010 1686 4051 mors
1697 3995 1760 4053 sui·
1870 4058 1873 4063 ,

937 4096 1002 4149 mae,
1018 4087 1045 4135 et
1060 4096 1148 4151 quem
1162 4078 1234 4136 dicit
1249 4079 1476 4152 increpationem
1493 4081 1544 4140 Dei
1564 4085 1615 4151 tul,
1633 4085 1696 4156 ipsa
1711 4088 1757 4140 esi

59 4182 101 4229 tra
113 4175 303 4237 mendacium,
321 4173 395 4243 quoti
410 4185 527 4242 serpens
542 4165 713 4239 loquebatur
727 4164 794 4221 titis.
808 4163 882 4232 Quid
936 4185 1013 4226 mors
1028 4170 1164 4239 corporis,
1176 4177 1202 4226 et
1212 4168 1273 4240 ipsa
1287 4178 1328 4225 est
1338 4171 1423 4237 calix,
1433 4186 1519 4243 quem
1531 4171 1640 4238 bibisti,
1650 4173 1757 4245 inquit,

57 4263 134 4320 enim
150 4265 264 4320 locutus
279 4269 320 4319 est
334 4261 393 4317 iliis
408 4277 415 4317 :
433 4283 448 4313 s
463 4259 522 4316 Scit
536 4260 614 4315 enim
630 4261 714 4322 Deus,
730 4255 796 4327 quis
810 4270 881 4327 qao·
936 4259 972 4315 de
982 4273 1067 4314 mana
1084 4257 1209 4322 Domini,
1224 4257 1405 4324 subanditur,
1417 4259 1596 4332 increpantis
1610 4271 1693 4335 atque
1706 4264 1755 4320 di·

58 4368 171 4424 cunque
193 4354 240 4410 die
262 4349 446 4409 comederitis
468 4350 503 4406 de
527 4347 606 4418 ligno
630 4345 690 4412 illo,
719 4345 882 4415 aperientur
935 4349 1036 4415 centis,
1054 4367 1068 4399 a
1084 4349 1113 4403 iu
1127 4347 1230 4403 sudore
1244 4346 1337 4403 vultus
1353 4348 1393 4404 tui
1408 4349 1531 4406 vesceris
1545 4367 1619 4421 pane
1633 4364 1694 4419 tuo,
1708 4350 1759 4408 'do·

58 4443 132 4500 oeali
150 4445 245 4509 vestri,
260 4448 289 4498 ei
304 4441 386 4498 eritis
400 4440 475 4496 sicui
489 4439 540 4503 dii,
561 4437 710 4494 etidcirco
736 4424 918 4505 prohtnutrll
935 4452 988 4492 nec
1018 4436 1133 4492 vertaris
1157 4437 1187 4493 iu
1211 4445 1325 4504 terram,
1347 4440 1382 4493 de
1407 4454 1464 4509 qua
1488 4444 1620 4510 sumptas
1635 4456 1676 4508 es,
1692 4443 1758 4509 «qaia

59 4549 94 4588 ne
108 4533 296 4590 comederetis
312 4531 390 4603 (Gerr.
408 4529 461 4601 nr).
478 4549 493 4579 n
507 4531 567 4583 linc
582 4526 680 4581 dicens
697 4524 746 4581 iile
764 4522 882 4593 spiritus
936 4524 1078 4596 pulrises,
1089 4534 1117 4582 et
1128 4526 1156 4581 in
1167 4526 1312 4596 pulverem
1325 4527 1477 4583 reverteris
1494 4528 1572 4598 (Gen.
1586 4531 1638 4600 nr).
1654 4551 1669 4580 n
1686 4530 1758 4588 Nam

58 4624 255 4694 blasphemiae.
273 4637 407 4690 mannam
424 4617 513 4674 Deum
534 4613 654 4672 asseruit
674 4620 772 4669 contra
787 4611 880 4668 bortri-
934 4615 1053 4671 calicem
1069 4615 1285 4671 morlissnimar
1301 4615 1407 4683 bibisti,
1427 4631 1483 4672 non
1497 4619 1532 4672 de
1545 4634 1631 4674 manu
1645 4620 1758 4676 Domini

57 4730 124 4770 nem
143 4712 247 4768 babere
263 4710 411 4766 invidiam.
424 4712 588 4764 isteautem
602 4702 725 4774 Spiritus
744 4700 880 4768 veritatis,
935 4702 987 4758 Dei
1003 4704 1055 4769 tui,
1071 4707 1121 4760 sed
1136 4707 1171 4760 de
1186 4720 1273 4761 marru
1287 4704 1432 4775 serpentis
1445 4706 1556 4777 antiqui
1578 4708 1690 4764 ininriei
1707 4709 1758 4765 tul.

57 4807 123 4878 qnid
140 4805 210 4861 dicit
225 4803 326 4860 robis?
340 4803 401 4859 scit
414 4800 490 4857 enim
504 4798 554 4855 liei
566 4794 759 4864 littusque«
771 4795 880 4848 simun·
936 4791 1034 4848 liertis
1047 4809 1190 4866 corporee
1213 4794 1331 4850 calicem
1357 4795 1463 4851 idcirco
1489 4794 1587 4852 bibisti
1613 4798 1648 4853 de
1674 4813 1758 4852 manu

59 4896 155 4951 seritis
171 4895 201 4950 ia
216 4892 303 4960 illo,et
317 4894 376 4962 ipse
387 4893 417 4947 in
428 4889 507 4945 vobis
519 4889 606 4959 licata.
621 4885 677 4955 xv),
691 4904 705 4931 a
720 4882 798 4939 eritis
808 4882 882 4939 sicut
936 4881 1062 4951 Domini,
1078 4886 1143 4954 qaia
1158 4882 1269 4940 sublata
1293 4883 1348 4940 rita
1370 4885 1485 4950 anime,
1514 4889 1568 4941 rita
1593 4888 1720 4956 eorporis
1735 4887 1758 4943 sl

58 4985 110 5040 filii
130 4986 188 5052 bei,
206 4984 285 5040 eritis
299 4982 351 5048 dii,
367 4980 471 5037 eritis«
487 4993 587 5034 omnes
599 4974 650 5031 lilii
665 4972 776 5030 Excelsi
790 4972 880 5044 (Psoi.
936 4987 1070 5044 perpetua
1085 4972 1285 5039 luisset‚nimis
1300 4980 1374 5029 esset
1385 4973 1577 5030 inutilisflee
1592 4977 1648 5031 duo
1662 4992 1759 5034 eccur·

61 5080 167 5143 asam),
190 5094 205 5122 a
234 5070 298 5142 quia
323 5070 488 5139 aperientur
511 5065 586 5121 oculi
604 5062 699 5129 vestri,
720 5060 883 5132 aperientur
936 5070 1033 5119 rerunt
1047 5060 1110 5128 tibi,
1128 5061 1231 5132 inquit.
1247 5063 1287 5119 Ao
1301 5063 1406 5119 deinde
1421 5062 1572 5135 subjungit
1588 5080 1626 5122 :a
1648 5066 1759 5123 idcireo

64 5164 145 5219 robis
160 5177 273 5228 sensus,
292 5167 318 5214 ut
335 5159 497 5230 Scripturas
522 5152 700 5221 totatttmtis,
724 5156 753 5209 et
775 5150 882 5207 idcirco
937 5151 1084 5215 audineo,
1101 5151 1283 5221 paupercula,
1298 5159 1325 5206 et
1337 5152 1417 5208 ebria
1432 5167 1517 5208 notra
1533 5154 1610 5211 rino.
1624 5155 1695 5213 lices
1707 5154 1760 5213 tuli

58 5252 133 5308 dixit
150 5250 256 5305 vobis:
276 5247 427 5318 uaccipite
442 5254 468 5301 et
484 5242 634 5310 comedite,
651 5240 706 5297 boc
720 5248 762 5295 est
778 5255 883 5311 corpus
938 5242 974 5297 de
990 5255 1076 5296 maan
1092 5250 1139 5296 tua
1153 5240 1272 5298 calicem
1287 5240 1408 5311 soporis.
1426 5241 1544 5298 landum
1561 5242 1660 5300 calicis
1681 5243 1759 5301 indi·

64 5358 173 5398 trrenm.
199 5339 328 5410 Accipite
352 5345 381 5393 et
405 5337 503 5401 bibite,
529 5333 575 5390 bic
597 5338 641 5389 cst
666 5330 783 5401 sangnis
804 5345 884 5386 mens
937 5329 1082 5402 gastineis
1106 5345 1186 5384 mere.
1213 5327 1275 5385 Nun
1299 5327 1426 5399 adjicies,
1451 5337 1482 5387 ui
1510 5330 1590 5387 bibas
1613 5330 1697 5388 iilum
1713 5332 1761 5387 ul·

59 5419 880 5508 (Militis.artri.sliucdicensistespiritusrrratiaema-
939 5419 1190 5490 italicensi.»
1224 5418 1281 5475 lloc
1308 5420 1402 5487 agitur
1431 5434 1557 5486 nunc‚o
1580 5419 1752 5490 charissimi,

58 5541 145 5595 qnam
160 5524 240 5580 cirea
257 5536 310 5577 nes
325 5520 452 5577 insinuat
466 5516 518 5574 Dei
542 5511 782 5572 benevolentiam.
799 5533 814 5565 a
830 5511 883 5568 Co·
938 5512 1009 5567 duna
1024 5511 1088 5568 dico
1104 5511 1184 5568 robis
1199 5526 1207 5567 :
1224 5531 1238 5561 a
1259 5510 1418 5578 comedite,
1443 5511 1541 5579 amici,
1566 5520 1593 5568 et
1617 5512 1716 5583 bibite,
1736 5519 1764 5570 et

219 5642 352 5703 Petraei.
377 5635 534 5699 ctrxtttlt.
1628 5632 1666 5691 pq
