3826 6014
104 237 162 303 usa
447 245 647 307 consuas.
671 247 716 309 in
737 246 792 309 ιιι
813 246 957 308 raons.
979 243 1060 304 nra.
1083 204 1124 291 L
1144 245 1190 307 m
1211 245 1318 308 avan.
1346 248 1416 313 crs.
1439 250 1480 314 11.
1542 201 1544 205 ¹
1746 256 1806 321 aas

103 374 182 430 dicta
195 375 348 445 Apostoli:
365 378 398 432 Hi
413 380 575 446 accessistis,
592 380 701 451 inquit,
712 380 748 436 ad
762 381 828 437 Sion
852 395 930 436 mon·
945 382 971 448 A
987 394 1045 450 qna
1060 394 1178 435 omnem
1190 386 1381 454 armaturam,
1398 383 1427 439 id
1443 389 1489 441 est
1503 402 1620 444 omnem
1634 391 1803 452 canonicam

102 469 161 519 tens
175 469 203 519 et
218 466 358 522 ciuitatem
371 467 422 523 Dei
437 469 563 531 uiuentis,
584 470 763 526 Hierrnnlem
786 470 929 534 camitem,
981 466 1158 539 Scripturam
1172 471 1349 541 accepimus,
1361 489 1420 545 qua
1431 476 1537 532 armati
1548 481 1735 547 sumus,sine
1746 500 1806 555 qua

102 560 130 610 et
142 556 297 613 multorum
310 557 433 614 millium
447 560 613 628 anqelorurn
626 563 820 633 frequentiam,
840 569 867 618 et
885 562 932 618 Hc-
983 555 1429 620 inermeseseemuanasomnss
1440 565 1608 639 quicunque
1619 568 1804 640 degentibus

101 647 217 701 etesium
240 645 449 716 primitivarum
474 650 523 719 qui
547 650 682 719 inscripti
706 658 771 705 sunt
799 651 832 705 in
857 649 932 705 culis
982 645 1141 702 adcbristi
1157 646 1289 704 militiam
1305 653 1398 707 vocati
1413 653 1567 726 quidpiam
1582 656 1805 733 iactitarloqul·

100 735 194 807 (neor.
212 738 271 806 ιιι).
286 736 344 793 Nec
357 752 424 793 vero
439 744 569 811 repetere
583 754 657 810 opus
674 742 719 795 est
733 755 821 811 quam
849 737 932 794 utili·
984 750 1050 789 mur
1065 736 1255 808 satagimus.
1272 739 1378 796 Totum
1392 742 1501 814 quippe
1517 743 1616 814 Vetus,
1634 751 1728 803 tolum
1748 749 1803 806 No·

100 829 145 878 ter
160 840 238 880 nuuc
253 824 401 895 Christus,
418 842 497 882 nuno
519 827 628 883 Christi
654 827 782 884 Hcolesia
807 826 933 883 caelestis
980 838 1049 879 vum
1064 823 1285 882 Testamentum
1300 843 1335 882 aa
1350 827 1401 885 iila
1415 838 1466 886 est.
1493 832 1579 889 lisola
1603 850 1672 907 ergo
1696 836 1806 896 dicitur

100 913 212 968 montis
226 913 306 984 Sion,
318 914 379 970 sive
394 916 504 971 montis
529 916 636 972 domus
662 917 777 973 Domini
803 916 932 988 appella·
983 912 1085 981 turris,
1096 916 1125 967 et
1138 913 1227 969 turris
1240 915 1354 987 gregis3
1369 918 1438 989 qula
1449 919 1585 977 videlicet
1597 939 1658 991 nos,
1672 926 1722 996 qui
1735 943 1806 1000 grex

101 1003 184 1060 tione
198 1006 228 1060 in
251 1006 387 1074 prasenti
411 1006 552 1078 propbeta
581 1006 776 1080 significetur,
800 1006 933 1063 videlicet
984 999 1095 1056 Domini
1111 1017 1225 1070 sumus,
1239 1019 1291 1059 nos
1305 1007 1421 1077 populus
1432 1009 1501 1077 eius,
1511 1019 1538 1065 et
1552 1027 1613 1067 noes
1627 1030 1739 1083 pascuae
1747 1017 1807 1089 mus

100 1100 221 1165 propter
235 1093 308 1149 illud
334 1095 412 1165 quad
438 1094 605 1168 praemisum
632 1096 738 1167 iuerat,
763 1095 830 1152 Sion
850 1110 932 1151 causa
984 1090 1070 1160 (Psoi.
1085 1096 1171 1158 xcix),
1187 1090 1217 1145 in
1232 1090 1283 1146 illa
1299 1096 1480 1166 protegimur
1504 1103 1533 1153 et
1555 1100 1749 1161 defendimur.
1772 1105 1808 1163 nt

101 1186 196 1250 tlesirt‘,
212 1184 294 1256 quasi
308 1202 375 1257 (χρη
388 1185 527 1252 arabitur,
543 1193 568 1241 gi
577 1203 655 1242 mons
670 1185 766 1259 (impii
780 1189 834 1242 orit
845 1189 875 1241 in
883 1200 934 1242 ox·
985 1178 1045 1233 hoess
1056 1179 1176 1250 quidem
1186 1183 1272 1237 iiim}
1279 1183 1409 1240 nebulosa
1418 1185 1682 1253 dicitur,nimirum
1690 1198 1808 1268 propiet·

98 1275 171 1329 celsa
195 1274 327 1330 siluarum
354 1275 443 1345 (nien.
467 1279 522 1348 ιιι),
548 1280 581 1332 ut
603 1276 725 1332 olisnsio
747 1275 792 1332 sel
817 1276 932 1342 odium,
984 1271 1102 1326 orebras
1115 1271 1306 1329 adversitates
1319 1279 1348 1330 et
1363 1281 1481 1347 propter
1496 1294 1650 1336 macarem
1666 1298 1805 1355 quocon-

100 1362 179 1434 quod
192 1367 294 1419 contra
305 1363 516 1435 propbetashis
525 1366 633 1421 auditis
643 1365 736 1438 magis
745 1365 932 1421 etlervescers
984 1357 1165 1426 trahebatur,
1177 1376 1210 1415 0⁰
1222 1363 1300 1432 quod
1313 1364 1806 1442 nondumvenissetsuusquttedc·

99 1456 224 1522 poterat,
239 1451 387 1524 sapienter
398 1452 557 1526 mitigetur,
568 1454 639 1510 dum
651 1456 686 1510 de
697 1454 784 1511 rebus
796 1453 863 1510 aliis
874 1453 931 1509 snb
984 1450 1029 1501 tel
1043 1446 1073 1501 in
1089 1449 1191 1505 eadem
1206 1451 1278 1505 turri
1304 1467 1362 1516 rex,
1389 1458 1417 1510 et
1442 1460 1560 1527 propter
1584 1460 1807 1531 despectionem

98 1541 209 1596 eisdem
221 1540 393 1599 nominibus
404 1541 532 1614 gloriosa
544 1543 695 1599 dicuntur.
706 1542 735 1599 Si
747 1546 929 1599 tuntaettam
984 1552 1042 1607 qua
1057 1552 1134 1607 saepe
1145 1539 1181 1594 ab
1198 1538 1326 1596 inimicis
1338 1540 1552 1601 insultantibus
1580 1547 1718 1620 despecta
1741 1560 1804 1620 eat3

98 1628 931 1703 gloriosameritodicanturdegentibusadistummon·
984 1624 1035 1681 eod
1066 1624 1260 1683 nihilominus
1288 1630 1386 1686 lueida
1411 1636 1474 1688 aral
1497 1639 1526 1689 et
1552 1639 1609 1691 est.
1638 1640 1711 1694 Nam
1748 1638 1804 1695 aii·

98 1723 158 1773 tam
173 1718 289 1773 Domini
305 1721 533 1788 confluentibus,
555 1729 584 1776 at
608 1722 645 1776 da
672 1720 792 1792 reliquis
819 1713 1014 1815 alandi-Bbi
1045 1730 1052 1769 τ
1083 1713 1151 1769 Cum
1178 1719 1281 1788 tedere,
1312 1718 1421 1790 inquit,
1459 1723 1490 1775 in
1518 1724 1650 1794 tenebris,
1675 1726 1808 1786 Dominus

99 1807 249 1875 cantis,id
264 1809 434 1864 estiurlaioi
449 1810 560 1881 populi,
577 1825 641 1878 quas
656 1810 685 1864 in
710 1809 839 1880 idipsum
864 1824 932 1864 con·
987 1802 1061 1858 2¹1
1080 1805 1130 1859 tua
1145 1809 1270 1862 mearet.
1290 1808 1366 1863 trem
1389 1809 1502 1865 Domini
1525 1813 1650 1883 portabo,
1676 1818 1808 1887 queniam

100 1896 259 1968 gredandss
271 1897 515 1968 previdebantur,
527 1898 597 1970 quid
611 1899 647 1954 de
657 1898 786 1970 primitis
796 1898 930 1970 ejusdam
983 1894 1092 1963 nectem
1106 1894 1142 1960 ei,
1158 1893 1241 1950 denec
1255 1895 1354 1963 iudicet
1368 1913 1479 1954 causam
1495 1915 1595 1970 meam,
1607 1906 1633 1958 et
1645 1905 1735 1975 samm
1753 1906 1807 1976 jn·

98 1983 212 2057 populi,
228 1985 257 2040 id
273 1990 317 2042 eat
332 1987 367 2042 de
382 1986 531 2058 primitiva
547 1987 675 2044 Hnolesia
689 1986 735 2043 vel
750 1987 785 2043 ad
801 1985 927 2058 primiti·
983 1979 1098 2036 dicium·
1114 1982 1215 2039 Elium
1234 1999 1278 2040 mi
1302 1983 1333 2040 ὓ)
1357 1984 1458 2058 lucem,
1478 1987 1575 2047 ”idm
1597 1995 1722 2061 lutmisst
1744 1997 1805 2068 Cim

96 2092 162 2131 vam
179 2075 338 2132 Ecclesiam
353 2076 603 2148 patriarcharum,
620 2085 647 2133 et
674 2076 884 2148 prophetarum
900 2081 929 2132 et
983 2069 1081 2141 (ilict.
1098 2071 1159 2144 vu).
1175 2072 1242 2129 Sive
1257 2073 1344 2130 etiam
1360 2075 1468 2134 ideirco
1491 2080 1642 2152 nebulosa,
1667 2083 1737 2153 quia
1759 2084 1805 2141 in-

97 2164 793 2238 omniumeloepopumdietpebuir,qutctmeti
819 2166 929 2221 adven.
984 2159 1169 2216 credulorum
1185 2162 1664 2239 multitudosemperinventaest
1687 2172 1716 2227 in
1741 2171 1803 2243 ills,
1883 2236 1888 2245 ,

98 2258 162 2309 tum
176 2257 424 2324 praecesseruntst
435 2259 790 2325 exspectaverunl,etnon
800 2254 928 2326 acceptis
981 2247 1058 2305 siout
1072 2250 1290 2321 prallgnratum
1306 2256 1350 2308 est
1364 2258 1394 2310 et
1407 2254 1436 2310 in
1453 2257 1572 2328 templo,
1586 2259 1665 2331 quod
1675 2259 1711 2316 ab
1722 2260 1802 2317 Sulu-

98 2341 345 2414 promissionibus
356 2343 692 2410 omnesdetunctisnnt‚
703 2343 927 2415 exquibusipss
983 2352 1069 2393 mone
1083 2337 1258 2394 aefflsseatum
1274 2348 1318 2397 est
1332 2341 1382 2413 (111
1405 2345 1468 2417 lleq.
1498 2347 1571 2416 ιιιι),
1595 2351 1624 2403 et
1648 2349 1678 2403 in
1702 2353 1803 2408 monte

96 2433 229 2490 Christus
245 2435 409 2491 secundum
426 2435 567 2491 carnem?
581 2435 654 2491 Nam
667 2437 702 2491 ds
712 2434 763 2491 illa
773 2439 855 2507 parte
866 2434 927 2491 sive
980 2426 1060 2492 Sint,
1077 2428 1195 2498 (luendo
1207 2428 1253 2484 10¹
1270 2430 1339 2486 data
1353 2437 1398 2489 eet
1413 2434 1511 2506 (Hand.
1528 2436 1587 2507 ιι).
1603 2440 1677 2493 Nam
1692 2442 1721 2494 et
1734 2438 1797 2496 illic

96 2522 134 2577 sd
149 2522 230 2579 illam
246 2529 358 2595 partem
374 2528 432 2579 tam
448 2524 565 2591 bonam,
582 2523 656 2579 nihil
682 2524 797 2595 propria
819 2538 925 2579 conve·
983 2527 1110 2579 montem
1128 2525 1222 2582 nubes
1233 2526 1409 2584 densissima
1423 2532 1548 2602 operuit,
1560 2537 1588 2589 et
1608 2533 1668 2590 illia
1695 2535 1804 2595 nebula

94 2613 788 2686 nienspresentisprophettaecextnsbsctsnus
805 2613 927 2671 asisin.
981 2610 1115 2683 implevit
1129 2613 1251 2669 domum
1267 2614 1396 2686 Domini,
1412 2622 1441 2673 el
1466 2636 1523 2675 non
1552 2627 1686 2693 poterant
1709 2639 1804 2682 sacar·

95 2706 194 2774 cutus,
205 2702 256 2757 sed
271 2702 411 2758 nimirum
425 2703 461 2758 sd
473 2702 554 2759 illam
564 2703 744 2759 dicantnrea
754 2720 820 2775 qua
832 2702 926 2759 conti·
982 2702 1065 2758 dotes
1080 2708 1159 2758 stara
1173 2708 1202 2759 el
1218 2704 1384 2763 ministrare
1403 2714 1524 2781 propter
1547 2712 1696 2770 nebulam.
1720 2715 1797 2780 Quid

93 2799 335 2868 nuosequunlur
353 2811 361 2851 ι
379 2796 558 2852 littuturris
580 2795 673 2867 qreqis
702 2795 838 2852 nebuloso
864 2795 926 2866 fitia
980 2793 1032 2849 tibi
1048 2793 1265 2860 dioam,otalis
1280 2796 1341 2854 tilia
1357 2799 1638 2873 Sionlilsquendte
1665 2805 1754 2862 neuin
1773 2814 1801 2863 et
1881 2860 1884 2867 .

94 2884 171 2954 Sion,
186 2901 273 2956 usque
285 2885 321 2941 art
336 2888 361 2941 te
374 2888 473 2951 ueniet,
490 2892 519 2942 et
533 2887 622 2942 ueniet
636 2890 753 2956 puteum
766 2888 862 2957 prima
877 2901 924 2941 re·
978 2885 1067 2939 ueniet
1079 2889 1200 2954 potestas
1209 2886 1509 2959 primareqnunspitta
1525 2891 1710 2949 Hierusalem.
1725 2894 1800 2959 Quia

94 2991 162 3045 pum
175 2975 243 3045 filia
254 2975 439 3031 Hierusalem.
456 2975 535 3032 iluna
549 2990 770 3048 quaremeerore
784 2975 925 3032 contrahe-
980 2989 1083 3044 parum
1100 2973 1256 3029 videbatur
1270 2989 1334 3030 esse
1359 2976 1437 3047 qaod
1463 2977 1584 3047 dixerat,
1605 2996 1689 3052 usque
1712 2981 1751 3037 ad
1773 2986 1800 3039 te
1833 3024 1836 3029 -

94 3065 300 3136 rislllluuquirt
315 3081 433 3121 necnon
447 3064 561 3131 esttibi,
583 3072 634 3120 aut
657 3063 837 3120 consiliarius
860 3069 923 3120 tuus
980 3062 1079 3128 ueniet,
1109 3061 1285 3118 subauditur
1311 3064 1375 3136 ipse
1403 3064 1454 3137 qui
1484 3069 1617 3139 regnabit
1645 3069 1799 3136 Dominus,

88 3152 468 3226 peritt,putacoupretcnetr
483 3161 508 3209 te
522 3153 604 3209 dolor
614 3152 687 3209 sicut
696 3153 898 3225 parturientem
908 3152 930 3209 i·
979 3149 1141 3207 melioravit
1156 3151 1267 3207 bouum
1283 3152 1419 3209 nuntium
1436 3157 1593 3226 repetendo
1608 3174 1642 3214 ao
1656 3157 1798 3215 dicendo:

93 3242 167 3299 Filia
180 3258 307 3314 namque
321 3242 401 3307 Sion,
416 3242 477 3298 sive
493 3241 566 3298 ililia
583 3241 768 3298 Hierusalem
785 3243 920 3315 prasenti
973 3241 1006 3296 Ht
1028 3243 1118 3297 ueniet
1138 3247 1268 3314 potestas,
1292 3243 1386 3315 prima
1408 3245 1504 3302 veniat
1520 3263 1637 3319 reqnum
1657 3249 1709 3305 tibi
1733 3249 1800 3322 pri·

93 3331 158 3388 loco
172 3332 238 3403 ipsa
252 3335 297 3388 est
312 3331 461 3404 primitiva
485 3330 614 3388 Ecclesia
636 3331 869 3401 patriarcharum
893 3335 923 3388 et
973 3345 1054 3385 mum
1069 3330 1140 3400 filiae
1154 3330 1339 3388 Hierusalem.
1355 3333 1401 3388 Sia
1417 3350 1545 3407 namque
1567 3337 1700 3394 laturum
1724 3343 1798 3409 erat,
1878 3366 1883 3373 ·

93 3420 538 3494 prophatarumccterornmqns
548 3429 727 3491 sanatorum,
741 3437 920 3493 quammro·
973 3422 1002 3473 el
1012 3419 1055 3474 sic
1067 3420 1176 3475 iactum
1189 3424 1244 3476 est.
1256 3420 1343 3477 Venit
1366 3423 1445 3478 anim
1473 3428 1603 3495 potestas
1624 3426 1655 3481 in
1670 3428 1797 3483 adventu

96 3524 129 3565 rc
141 3509 380 3577 contrahebatur,
394 3509 465 3565 dum
479 3509 515 3565 ab
528 3525 562 3565 en
586 3509 719 3565 Christus
743 3519 922 3581 exspectare-
973 3507 1052 3580 regis
1063 3514 1092 3563 et
1106 3507 1234 3579 Domini,
1250 3509 1386 3566 videlicet
1400 3509 1451 3566 illa
1476 3529 1584 3585 magua
1609 3517 1638 3569 et
1661 3514 1798 3571 miranda

93 3598 242 3672 inaquosi
257 3614 355 3669 regam
366 3614 424 3654 nou
437 3597 549 3655 habens
559 3603 611 3654 aut
621 3598 840 3666 consiliarium,
852 3614 920 3656 cum
973 3599 1114 3669 potestas,
1127 3601 1283 3667 quamtum
1293 3598 1431 3655 brevibus
1442 3600 1798 3675 verbisevangsiistapul-

94 3686 126 3741 in
142 3685 338 3758 promissione
352 3693 380 3742 et
393 3703 443 3757 spe
460 3692 573 3743 teneret
587 3703 667 3743 eum.
683 3687 796 3743 Dicitur
821 3691 919 3743 sutem
972 3687 1042 3741 obre
1052 3685 1191 3756 exprimit
1205 3686 1330 3744 dicendo
1348 3703 1355 3744 ε
1372 3689 1507 3761 Quotquot
1519 3699 1613 3747 autem
1633 3701 1797 3764 receperunt

93 3791 174 3831 nunc
189 3777 297 3843 idcirco
311 3776 370 3831 illia
393 3776 460 3831 Sion
475 3775 608 3832 sivetilia
632 3774 825 3843 Hierusalem,
850 3776 919 3849 quia
971 3790 1045 3842 curn,
1061 3774 1138 3830 dedit
1152 3775 1193 3830 eis
1211 3779 1374 3843 potestatem
1389 3776 1462 3834 tilios
1484 3777 1535 3834 Dei
1557 3780 1619 3848 pieri
1637 3780 1728 3852 (loun.
1757 3782 1792 3855 ι).

90 3862 227 3920 videlicet
242 3864 312 3920 dnm
330 3864 358 3918 in
375 3863 430 3919 hoo
444 3866 551 3919 secula
562 3864 809 3935 peregrinaretur,
821 3871 919 3921 menta
971 3862 1006 3917 Hl
1019 3860 1093 3918 illud
1109 3878 1243 3934 regnum,
1259 3864 1296 3919 de
1313 3865 1429 3936 quasit
1450 3881 1457 3920 :
1485 3866 1680 3924 Paenitentiam
1706 3871 1792 3939 aqite,

91 3954 239 4024 pendebat
253 3955 289 4009 nd
303 3952 807 4018 illamSioa,ciuitutemDeiviventis
817 3955 917 4011 Hieru·
971 3952 1206 4024 appropinquabit
1221 3951 1295 4008 enim
1321 3969 1438 4022 requam
1459 3955 1591 4012 catorum
1615 3956 1719 4028 (llattlv.
1745 3959 1795 4029 ιν).

89 4043 179 4099 salem
203 4043 346 4107 caelestem,
370 4049 396 4098 et
421 4043 573 4099 mullorum
599 4043 731 4111 millium,
754 4044 917 4115 angelorum
972 4039 1031 4094 Hoc
1047 4041 1246 4112 regnumtibi,
1260 4042 1523 4113 filiaHierusatem;
1549 4044 1611 4103 hac
1633 4051 1793 4118 ponciaco

88 4133 274 4204 frequentiam
288 4133 378 4203 (Hebe.
395 4133 457 4202 ιιι),
474 4137 506 4188 ut
530 4131 686 4203 Apostolus
711 4133 764 4195 ait,
790 4147 916 4204 quornm
972 4127 1032 4184 iilia
1046 4128 1115 4184 Sion
1131 4145 1215 4201 usque
1230 4129 1265 4185 ad
1280 4133 1307 4187 te
1320 4131 1412 4188 veniet
1424 4133 1532 4204 primo,
1547 4134 1575 4190 id
1592 4139 1638 4191 ast
1663 4134 1793 4207 primum

89 4221 513 4292 ministerloiruens,supernis
524 4220 687 4277 visionibus
698 4220 917 4294 atcrebrispro·
972 4217 1026 4274 tibi
1042 4218 1150 4276 danda.
1167 4223 1237 4275 Ham
1255 4219 1323 4276 licet
1337 4220 1493 4293 Apostolus
1516 4223 1606 4293 diost,
1629 4223 1794 4282 distinctio·

90 4310 295 4376 missionibus,
307 4310 389 4383 quasi
407 4314 540 4366 materno
554 4309 628 4365 lacte
642 4309 704 4365 tilia
718 4308 814 4367 dulcis
826 4309 918 4367 lacta·
972 4322 1040 4364 uem
1055 4323 1112 4364 non
1128 4323 1193 4364 esse
1207 4307 1300 4364 Judaei
1315 4308 1456 4377 etGraci,
1469 4316 1499 4367 nt
1510 4328 1567 4369 non
1579 4328 1643 4370 esse
1653 4328 1794 4384 persons·

89 4401 191 4465 batur,
204 4399 388 4455 nutriebatur
402 4404 430 4455 et
445 4400 532 4455 beata
542 4414 595 4471 spe
605 4397 755 4454 consolata
764 4399 916 4456 coniecta·
971 4414 1036 4454 rum
1054 4398 1250 4471 acceptionem
1267 4400 1342 4471 apud
1366 4400 1470 4471 Deum,
1495 4407 1593 4458 tamen
1618 4403 1695 4460 idem
1716 4401 1796 4470 dicit,

87 4489 186 4546 batur.
202 4489 267 4545 'Hali
283 4488 350 4545 tilica
365 4497 434 4545 tuna
446 4488 576 4545 dicitur:
600 4490 633 4545 Ht
655 4497 687 4546 tu
711 4490 801 4546 turris
820 4494 914 4562 preqis
933 4476 959 4543 D
980 4488 1106 4558 primum
1119 4487 1214 4546 ludeo
1229 4491 1255 4544 et
1268 4488 1366 4545 deinde
1389 4493 1485 4547 Groece
1509 4491 1596 4562 (Hom.
1624 4494 1665 4563 ιι).
1695 4494 1766 4549 Item
1788 4508 1795 4549 :

88 4577 232 4644 nebulosa,
247 4577 624 4634 subauditurconsolsreet
635 4577 741 4635 hebeto
752 4579 915 4638 claritatem
970 4575 1048 4647 Quid
1062 4591 1135 4648 erqo,
1151 4576 1258 4648 inquit,
1274 4577 1450 4650 ampliarent
1466 4578 1572 4646 tutan,
1587 4589 1636 4637 aut
1657 4598 1716 4653 quae
1736 4581 1795 4637 uti·

89 4668 207 4736 laetitias,
223 4667 292 4739 quia
312 4667 408 4722 veniet
431 4670 561 4738 potestas
583 4667 679 4739 prima
702 4684 794 4739 usque
818 4670 854 4725 ad
875 4674 914 4727 te.
970 4666 1036 4722 litas
1054 4665 1298 4722 circumcisionis?
1327 4666 1446 4724 Huttum
1471 4684 1521 4740 per
1547 4685 1654 4726 omnem
1672 4669 1794 4725 modum.

90 4755 193 4813 Turris
208 4756 316 4812 idcirco
333 4771 411 4811 nuno
423 4758 554 4822 vocatur,
570 4755 639 4826 quia
653 4760 683 4811 et
705 4755 860 4813 visibiliter
886 4764 915 4816 et
967 4762 1096 4819 Primum
1107 4763 1221 4835 quidem
1232 4765 1299 4834 quia
1312 4765 1418 4821 credita
1428 4775 1492 4823 sunt
1520 4767 1577 4823 iltis
1600 4768 1711 4840 eloquia
1733 4768 1793 4826 Dei.

90 4844 279 4901 invisibiliter
292 4849 431 4917 tanquam
456 4846 530 4900 torte
552 4844 720 4916 presidium
746 4845 915 4905 firmaverat
969 4852 1040 4921 Quid
1054 4853 1129 4909 enim
1142 4850 1168 4907 si
1181 4852 1294 4923 quidam
1309 4852 1424 4910 illarum
1438 4870 1493 4910 nen
1507 4856 1701 4912 crediderunt?
1716 4858 1792 4914 Hun-

89 4932 170 4988 illam
193 4938 286 5001 Daus3
311 4932 466 4988 visibiliter
488 4931 598 5005 templo
616 4938 645 4987 et
669 4931 765 5003 altari,
790 4934 826 4989 da
852 4953 911 5009 qua
968 4941 1034 5012 quiet
1048 4939 1234 4997 incredulitas
1248 4940 1361 4997 illorum
1373 4942 1455 5012 fidem
1470 4944 1793 5005 Deieuacuoaitiilrsit.

89 5022 190 5078 Esaias
206 5039 214 5090 ;
229 5021 270 5078 Et
285 5021 442 5092 edificavit,
459 5021 562 5092 inquit,
577 5020 682 5076 turrim
695 5020 728 5076 in
741 5022 830 5079 medic
853 5026 913 5096 ejus
968 5032 1117 5086 Hetautem
1139 5029 1206 5086 Deus
1227 5045 1314 5086 umen
1338 5032 1429 5104 (Hem.
1458 5035 1512 5104 ιιι),
1539 5043 1593 5090 etc.
1618 5035 1711 5107 Igitur
1739 5036 1793 5095 tibi

89 5111 171 5183 (lsai.
186 5113 227 5182 v);
243 5108 718 5181 invisibilitersatemangelorum
730 5112 912 5183 agminibus.
968 5122 1096 5189 potestas
1112 5117 1308 5186 primavenit,
1323 5136 1340 5176 o
1355 5119 1417 5177 lilia
1441 5121 1521 5191 Sion,
1546 5131 1573 5179 et
1597 5125 1726 5196 primum
1751 5142 1793 5182 re-

89 5200 143 5257 Sad
160 5205 188 5256 et
204 5201 232 5255 in
249 5199 368 5255 Cantica
383 5199 608 5254 canticorumnd
620 5200 803 5256 eamdicitur
821 5205 913 5260 :Sicut
966 5222 1069 5279 gnum,
1084 5207 1153 5278 quis
1168 5206 1300 5264 videlicet
1315 5225 1365 5265 vos
1381 5212 1474 5267 sanati
1491 5211 1702 5282 patriarchani
1725 5231 1791 5286 pro·

87 5291 174 5344 turris
189 5288 391 5344 Dauidcoltum
415 5290 504 5355 tuum,
535 5301 597 5359 quae
623 5287 762 5358 certificata
787 5300 827 5347 est
849 5309 911 5349 cum
968 5296 1072 5368 phetas,
1089 5296 1245 5353 vossancti
1263 5299 1386 5369 apostoli
1402 5301 1541 5359 etnsleri
1563 5301 1661 5359 deillo
1682 5303 1790 5373 populo

83 5377 309 5447 prapuqnnculis.
320 5376 395 5432 little
409 5375 502 5448 clypei
515 5378 636 5446 perrrlent
650 5392 686 5432 ea
702 5393 738 5434 ea
752 5382 844 5438 omnis
861 5399 906 5437 nr·
966 5385 1073 5454 sancti,
1090 5392 1165 5441 reato
1180 5387 1308 5457 primum
1322 5387 1351 5443 in
1367 5395 1493 5461 regnant
1502 5396 1645 5463 potestate
1660 5390 1787 5446 tiliorum

84 5472 196 5523 matura
210 5467 330 5539 sarlium
345 5466 438 5537 (Cant.
453 5467 502 5538 ιν).
515 5465 574 5521 Hoc
584 5466 674 5533 enim,
684 5465 709 5522 si
722 5465 776 5522 rito
787 5485 910 5541 perpcn·
965 5474 1018 5531 Dei
1034 5474 1192 5545 possidetis
1207 5474 1315 5533 locum.
1331 5480 1404 5534 Cum
1421 5479 1462 5535 ita
1477 5479 1526 5545 sit,
1544 5478 1710 5534 ossllaSlon
1723 5481 1783 5537 slve

85 5558 193 5628 dumus,
208 5559 267 5611 mm
285 5555 407 5626 pulchre
421 5571 510 5628 quam
527 5570 592 5611 vere
605 5555 641 5609 ad
657 5554 738 5612 iliam
757 5557 910 5616 dicitnrda
965 5564 1027 5622 tilia
1041 5564 1236 5635 Hierusalem,
1255 5583 1329 5624 nunc
1344 5583 1429 5638 quare
1451 5584 1567 5625 murare
1593 5569 1788 5628 comeatum?
