3826 6014
93 223 150 286 92¹1

638 231 808 293 nurnett
830 233 999 295 aneauts
1024 231 1243 294 Tulliensis

1734 226 1795 291 928

91 359 136 416 dis
164 359 304 432 sapphiri,
327 369 354 418 et
383 364 461 434 quasi
486 363 590 421 coelum
616 379 681 421 cum
710 381 842 422 screnum
872 374 914 422 est
929 376 952 437 Α
969 380 1034 422 com
1050 364 1178 432 habenti,
1195 380 1252 419 non
1269 361 1386 419 dubium
1404 362 1472 435 quin
1488 362 1718 419 demonstratum
1735 361 1797 418 lue·

92 450 192 522 (naon.
204 456 289 520 xttrl.
304 473 318 502 ιι
329 484 364 494 -
375 476 388 503 «
402 456 487 510 Crura
500 454 577 510 illius
587 458 727 511 columnae
740 471 915 522 marmoree,

27 620 30 625 ‚
92 557 153 611 que
170 541 297 598 lundata
312 552 378 597 sunt
395 559 479 613 super
495 544 574 600 bases
588 561 699 601 aureas.
716 568 729 596 ι
746 576 781 587 -
799 571 808 595 ι
828 545 916 602 Crura

93 629 183 696 illius,
201 653 212 679 ι
231 631 280 686 tie
291 638 358 687 sunt
370 632 458 699 illius,
474 634 583 690 scilicet
598 635 791 691 misericordia
806 641 834 692 ει
842 636 917 705 judi-

93 720 181 788 cium,
195 722 253 778 sire
270 723 464 779 misericordia
479 733 505 781 et
526 726 641 791 veritas,
658 726 733 782 sicut
746 725 784 780 ait
799 725 916 781 Psalmi·

94 819 156 865 sta:
173 833 187 861 a
205 809 350 869 Universae
363 814 416 868 vie
432 814 548 871 Domini
564 815 759 873 misericordia
773 824 800 872 et
816 815 918 871 ueritas

95 900 180 970 (Ptol.
197 902 283 973 ιιιι).
302 924 315 951 ιι
334 902 404 958 Νιιιι
428 905 540 969 veritas,
557 905 617 975 ipsa
641 914 683 961 est
702 905 844 975 iudicium
871 920 917 961 re·

95 1004 172 1044 rum.
190 1012 203 1039 a
221 989 308 1045 Crura
324 1012 338 1040 ιι
352 992 415 1056 ιειε,
432 993 481 1047 rie
506 995 578 1061 iste,
597 1014 611 1043 o
627 994 771 1049 colomnae
795 1009 918 1049 marmo-

96 1093 160 1143 reae,
179 1101 192 1126 ιι
210 1079 237 1133 id
254 1084 296 1135 est
312 1078 474 1136 rectissime
487 1089 553 1136 sunt
569 1087 653 1152 atquc
669 1083 850 1149 firmissime,
867 1098 919 1139 neu

95 1177 137 1223 est
152 1169 200 1238 qni
218 1177 310 1237 posset
325 1184 374 1224 eas
391 1170 536 1226 intirmare
547 1179 593 1225 aut
608 1171 683 1241 justa
698 1172 917 1242 reprehendere.

96 1278 110 1307 ιι
128 1256 199 1314 Νιιιι
213 1257 324 1327 judicia
349 1258 464 1315 Domini
489 1262 734 1330 vara,jus¹istcata
764 1263 794 1317 in
815 1267 919 1318 somet-

97 1344 159 1417 ipsa
173 1347 261 1417 (Prot.
280 1354 369 1412 tritri.
385 1369 398 1398 ιι
419 1349 546 1420 uxornpti
561 1352 670 1420 gratia:
688 1351 761 1408 Loco
774 1353 819 1408 val
841 1356 919 1407 tern-

98 1451 168 1507 pore
182 1437 356 1507 supradicio,
372 1454 438 1494 cum
465 1442 598 1509 penderat
613 1440 733 1496 dilectus
756 1442 809 1496 iste
823 1441 918 1496 cruci·

972 460 1007 511 ιιι
1024 455 1135 512 amittas
1149 454 1296 522 exemplar
1319 455 1442 510 coelestis
1464 451 1591 519 editicii,
1610 460 1639 506 ut
1653 452 1798 508 describe·

972 553 1013 603 ret
1029 546 1150 616 qualiter
1161 544 1277 599 deberet
1293 542 1364 605 steri,
1380 544 1453 598 sicut
1467 541 1612 611 Scriptura
1628 541 1697 596 libri
1713 540 1797 596 Para·

973 636 1139 706 lipomenon
1166 631 1381 689 dicit:oDedit
1409 639 1505 686 autem
1535 629 1621 686 David
1650 627 1797 686 Salomoni

973 725 1033 782 illio
1057 725 1282 796 descriptionem
1305 723 1431 791 porticus
1445 730 1472 776 ct
1488 719 1597 790 tempti,
1613 726 1641 775 et
1665 719 1798 775 cellario·

972 830 1048 881 rura,
1065 818 1094 870 et
1109 812 1263 880 coenaculi,
1279 825 1305 867 et
1320 812 1528 877 cubiculorum,
1544 811 1575 866 in
1585 809 1690 879 adytis,
1703 819 1731 865 et
1745 810 1797 864 do·

973 919 1037 959 mus
1053 902 1274 974 propitiationis,
1292 917 1402 957 necnon
1419 908 1445 957 et
1462 900 1591 957 omniunt
1608 913 1675 970 quas
1691 898 1797 968 cogita·

973 1001 1048 1048 terat
1065 992 1200 1047 atriorum
1215 990 1238 1062 (l
1250 992 1314 1046 l’or.
1335 991 1446 1060 ιιιιιι),
1463 1010 1477 1039 ιι
1493 997 1519 1045 at
1535 993 1637 1043 cetera
1660 986 1798 1060 usquead

972 1083 1021 1138 id:
1036 1105 1051 1133 ιι
1067 1083 1179 1150 Omnia,
1196 1082 1288 1152 inquit
1310 1080 1409 1147 David,
1426 1088 1563 1136 venerunt
1589 1080 1698 1149 scripta
1714 1092 1798 1133 manu

973 1170 1087 1227 Domini
1097 1172 1133 1226 ad
1148 1187 1203 1236 me,
1216 1181 1244 1225 ut
1257 1170 1450 1243 intelligerem
1462 1171 1596 1224 universa
1605 1184 1693 1239 opera
1704 1183 1799 1222 exem·

974 1261 1064 1334 plaris
1079 1261 1170 1331 (ibid.)
1186 1282 1197 1311 ι
1216 1260 1346 1315 Proiecto
1367 1260 1507 1329 propheta
1524 1273 1588 1312 cum
1606 1266 1683 1313 esset
1698 1255 1799 1311 David»

974 1352 1022 1422 qni
1037 1359 1065 1405 ει
1079 1350 1190 1405 ιιιεειιει
1204 1367 1211 1406 :
1226 1371 1239 1402 a
1255 1349 1345 1418 Super
1361 1364 1446 1404 senes
1470 1352 1499 1402 et
1513 1363 1599 1419 super
1624 1362 1730 1404 omnes
1753 1346 1799 1400 do·

974 1447 1072 1497 centes
1097 1455 1141 1496 ma
1168 1438 1297 1494 intellexi
1320 1438 1408 1506 (Psoi.
1426 1441 1541 1504 aaran),
1555 1457 1570 1487 ιι
1600 1452 1659 1492 non
1684 1434 1802 1492 dubium

98 1524 182 1590 litus,
194 1522 334 1581 latronum
347 1529 467 1583 duorum
483 1529 604 1597 madius,
621 1531 742 1586 alterurn
758 1546 792 1586 ex
805 1530 846 1586 eis
861 1544 920 1600 poe-

97 1613 236 1670 nitentem
252 1615 472 1673 misericorditer
484 1621 621 1689 suscepit,
633 1635 787 1691 securoque
799 1619 828 1675 ia
845 1635 922 1690 para-

96 1704 190 1758 disum
207 1705 373 1775 assumpsit,
389 1705 507 1762 alterum
525 1707 774 1779 blasphemantem
788 1709 864 1778 justo
873 1709 919 1778 ju·
938 1712 1055 1804 Bjuxtn
1070 1709 1144 1780 quod
1161 1710 1368 1780 descriptiones
1383 1705 1482 1778 templi
1499 1707 1633 1775 faciendi,
1649 1707 1732 1762 dedit
1745 1706 1801 1765 litio

96 1790 172 1848 dicio
197 1794 365 1866 reprobarit
391 1797 465 1868 (Lac.
483 1799 574 1868 xxtn).
592 1798 661 1854 Cum
678 1800 810 1855 similiter
834 1815 923 1869 popu·
979 1820 1030 1860 suo
1044 1800 1202 1858 Salomoni.
1218 1823 1232 1850 ι
1250 1800 1412 1871 Exemplar,
1430 1821 1444 1849 a
1461 1799 1587 1870 inquam,
1604 1798 1733 1864 coteste,
1749 1799 1801 1853 aci·

97 1878 156 1937 lum
168 1884 310 1954 quondam
325 1901 381 1941 nnn
398 1902 493 1952 suurn,
506 1889 642 1958 populum
655 1889 789 1958 gentilem
804 1890 924 1945 creden·
978 1894 1044 1950 licet
1062 1908 1195 1962 magnum
1211 1897 1424 1947 sacramentum
1441 1889 1551 1963 templi,
1564 1904 1622 1944 non
1638 1887 1801 1956 manufacti,

98 1978 155 2029 ient
171 1982 256 2043 atqua
281 1975 466 2033 confitentem
481 1979 609 2047 assumit,
628 1987 654 2034 et
677 1979 815 2050 populum
831 1993 922 2050 quon·
978 1982 1178 2054 perspiritum
1196 1991 1330 2037 sanctum
1345 1981 1381 2035 de
1397 1995 1479 2036 utero
1496 1979 1615 2045 tireinis
1630 1984 1800 2034 construen-

97 2062 162 2119 dam
178 2080 275 2132 suum,
292 2065 430 2137 populum
446 2067 600 2126 iudaicam
618 2085 675 2125 non
691 2071 925 2139 credentem,imo
980 2071 1020 2141 di,
1036 2071 1064 2126 id
1080 2077 1122 2127 cst
1136 2071 1263 2141 corporis
1279 2069 1382 2135 sancti,
1399 2070 1473 2125 sicut
1500 2075 1527 2124 et
1542 2067 1604 2140 ipse
1621 2068 1747 2125 dilectus
1761 2072 1802 2123 te·

99 2153 343 2210 contradicentem
377 2164 461 2227 atque
493 2158 738 2229 blasphemantem
764 2159 924 2230 dereliquit,
980 2156 1514 2228 statur,dicandoJudaeis:oSoltite
1538 2156 1801 2228 templumhoc‚el

100 2241 255 2313 quisjusto
270 2245 566 2319 reprehenderemus
581 2251 732 2305 immutare
748 2248 925 2319 possitiNe·
979 2260 1042 2325 post
1069 2251 1194 2307 triduum
1224 2247 1354 2304 excitabo
1380 2247 1464 2303 illud.
1493 2246 1551 2303 Hoc
1578 2260 1689 2313 autem,
1715 2247 1802 2316 inquit

101 2348 149 2389 tuo
165 2331 273 2402 utique,
293 2333 357 2404 quia
376 2346 460 2392 rectae
471 2343 542 2392 sunt
553 2339 614 2394 istae
628 2339 681 2395 vira
697 2340 758 2408 ejus
775 2341 923 2396 universae.
979 2341 1163 2411 avangelista,
1177 2338 1289 2396 dicebat
1304 2339 1340 2395 de
1368 2337 1477 2407 templo
1506 2338 1633 2408 corporis
1655 2337 1701 2392 sui
1716 2336 1801 2405 (loon.

101 2421 299 2489 Drgoacrura
317 2424 545 2484 iiliuscolumna
562 2435 813 2489 suntmarmoreae.
826 2453 840 2480 ιι
853 2429 926 2498 Quid
980 2431 1054 2504 11).»
1072 2429 1314 2498 Ιιιιιιιιιιεριειεε
1343 2427 1451 2497 cjusut
1481 2426 1622 2493 libant»
1651 2426 1679 2482 id
1698 2426 1800 2481 esido-

102 2527 136 2568 co
151 2528 262 2584 quoqne
278 2516 384 2582 verius,
401 2519 475 2588 qnod
491 2519 540 2586 alt,
559 2540 573 2569 a
589 2535 652 2589 quae
668 2517 792 2575 fundate
805 2526 928 2575 suntsu·
979 2537 1031 2578 cus
1046 2523 1106 2591 ipsa
1121 2529 1162 2575 est
1177 2535 1236 2574 suae
1260 2518 1441 2588 sempiterne
1464 2517 1597 2585 civitatis,
1613 2525 1641 2573 et
1664 2517 1801 2572 Sanctum

975 1531 1045 1601 quia
1075 1537 1102 1585 et
1118 1530 1178 1603 ipsa
1204 1530 1297 1586 oculis
1325 1529 1426 1586 iisdem
1458 1528 1562 1600 quibus
1589 1526 1804 1584 Hosesviderat

976 1620 1120 1690 exemplar
1148 1618 1324 1675 tabernaculi
1355 1617 1613 1686 iaciendi,riderit
1642 1617 1800 1688 exemplar,

12 2633 15 2639 ·
103 2618 154 2674 per
170 2602 250 2658 bases
273 2606 395 2661 aureas‘l
411 2629 425 2656 ιι
442 2607 526 2664 Bases
549 2624 670 2680 namque
692 2626 783 2666 aurec
807 2610 927 2667 consilia
980 2621 1141 2667 sanctorum
1159 2610 1186 2664 ia
1204 2607 1381 2663 Hierusalem
1402 2606 1522 2677 cotani,
1538 2611 1613 2662 sicut
1638 2606 1800 2676 pratorum·

104 2699 172 2747 suut
194 2693 338 2760 sapientie
364 2695 478 2753 divine.
507 2700 631 2769 Denique
651 2715 735 2769 super
762 2698 926 2768 hujusmodi
980 2709 1042 2755 tum
1053 2709 1095 2754 est
1109 2699 1138 2753 in
1153 2698 1203 2753 illo
1215 2697 1320 2768 templo
1332 2698 1506 2763 manniacto,
1518 2696 1545 2751 in
1563 2696 1612 2751 illa
1627 2693 1800 2751 Hierusalem

106 2777 188 2837 bases
199 2781 239 2836 iia
255 2782 380 2839 fundatae
393 2791 461 2840 sunt
474 2784 530 2842 ille
544 2787 693 2844 mirabiles
703 2787 926 2856 columne,ulin
980 2797 1102 2853 terrena,
1118 2795 1280 2844 constructa
1303 2788 1338 2843 de
1362 2786 1448 2857 lignis
1469 2785 1698 2856 imputribilibus
1720 2795 1800 2856 atqua

97 2867 256 2939 judtcando
266 2873 323 2928 site
339 2875 564 2932 misericordiam
579 2877 722 2943 iaciendo,
740 2876 861 2931 dilectus
874 2877 928 2931 isto
980 2895 1048 2935 auro
1059 2878 1151 2935 tectis.
1162 2877 1224 2933 Non
1236 2878 1329 2933 solum
1342 2877 1505 2943 autom,scd
1519 2884 1546 2931 at
1558 2879 1587 2931 in
1600 2875 1655 2932 bon
1665 2896 1680 2926 ιι
1693 2874 1798 2946 species

101 2959 174 3015 nihil
191 2964 277 3033 possit
295 2980 310 3016 a
327 2966 479 3034 semetipso
507 2966 608 3023 iacere.
627 2967 708 3023 Flere
735 2966 826 3037 potnit
841 2982 928 3035 super
980 2970 1043 3039 ejus
1054 2976 1084 3023 ut
1098 2968 1207 3036 Libani,
1221 2992 1234 3017 ιι
1249 2972 1278 3023 ει
1288 2971 1347 3034 ipse
1360 2991 1371 3017 ι
1385 2965 1490 3023 electus
1504 2975 1530 3021 ut
1542 2967 1631 3022 cedri.
1643 2987 1658 3016 ιι
1672 2966 1744 3034 Quia
1756 2965 1803 3020 sic·

102 3048 244 3105 civitatem
264 3052 438 3108 Hierusalem
463 3056 539 3123 (Lac.
566 3060 636 3121 ιιι),
661 3055 874 3111 subversionem
900 3063 927 3112 et
981 3063 1011 3114 nt
1028 3058 1149 3113 Libanus
1164 3073 1247 3113 mons
1263 3057 1404 3113 Pboenicls
1419 3057 1465 3127 qui
1486 3070 1520 3110 ex
1537 3070 1593 3111 uno
1612 3056 1699 3112 latera
1714 3053 1804 3112 terral-

104 3135 317 3194 damnationem
339 3156 397 3195 sue
414 3142 508 3211 gentis
531 3145 697 3212 previdens,
713 3148 741 3198 et
752 3149 848 3199 lamen
864 3145 928 3201 ani·
943 3106 965 3174 C
980 3163 1034 3204 nus
1049 3154 1090 3202 est
1105 3153 1184 3203 terrea
1197 3147 1298 3201 touaee
1315 3147 1448 3202 maximis
1463 3146 1589 3199 abundat
1605 3145 1700 3201 cedria
1715 3145 1745 3200 in
1760 3159 1802 3199 εε-

105 3240 182 3279 mum
198 3242 280 3281 suunt
296 3229 431 3285 inducere
448 3247 504 3287 non
522 3238 612 3302 potuit
634 3243 662 3289 ut
686 3242 823 3291 averteret
838 3234 872 3289 ab
887 3235 928 3290 eis
980 3235 1313 3304 metipsoradicatiaet'tn
1325 3234 1413 3290 altum
1425 3233 1619 3301 subrectis,sic
1630 3233 1685 3289 iste
1698 3255 1713 3283 ιι
1725 3247 1803 3289 mont

105 3313 177 3368 iram
191 3314 401 3373 immanentem.
414 3319 531 3377 Stabant
546 3323 650 3393 quippo
661 3323 832 3379 iollaxibtlra
847 3339 929 3380 crura
981 3324 1043 3390 Del,
1061 3340 1143 3380 mons
1167 3323 1280 3393 pinnatis
1294 3324 1381 3396 (Psoi.
1407 3323 1491 3394 artat)
1506 3344 1521 3374 ι
1539 3337 1604 3379 rere
1619 3324 1761 3378 candidus
1773 3326 1800 3376 et

106 3402 509 3475 ejustanquamacolumne
539 3427 703 3468 marmorea
733 3428 818 3484 super
847 3413 928 3468 basaa
982 3414 1457 3483 mundassecundumhocipsum
1476 3414 1685 3484 nomon,quod
1703 3410 1801 3469 estli-

105 3507 215 3559 aureas,
232 3517 246 3544 ιι
265 3496 291 3550 id
317 3505 357 3552 est
383 3513 440 3553 non
457 3500 550 3570 qualis
573 3509 647 3557 esset
666 3502 850 3558 Humanitatis
869 3519 928 3558 sure
982 3503 1803 3574 bennamapnosetraidanominatosetipsoapatressuos‚

106 3582 247 3649 voluntas,
263 3587 310 3641 sed
336 3586 439 3644 divina
463 3590 578 3660 justitie
604 3595 728 3648 rationes
754 3592 927 3649 attendebat.
982 3593 1059 3649 m
1083 3593 1240 3649 secundum
1272 3592 1357 3647 fldem
1382 3599 1409 3647 ct
1433 3593 1467 3646 da
1491 3591 1646 3657 semetipso
1667 3589 1803 3647 radicatos

110 3692 121 3720 ι
137 3674 253 3746 Species
264 3680 336 3750 ejus,
350 3689 377 3734 ut
389 3680 489 3737 Libani
500 3682 609 3738 electus
621 3683 749 3739 utcedri.
763 3705 777 3733 ιι
789 3707 848 3733 -ιι
860 3688 929 3753 spe·
982 3683 1110 3754 protulit,
1121 3682 1361 3753 quemadmodum
1375 3683 1409 3736 de
1425 3680 1527 3747 David,
1542 3681 1641 3751 utique
1657 3686 1738 3750 patre
1751 3693 1803 3735 sua

106 3762 167 3819 cies
181 3764 253 3831 ejus,
272 3791 284 3820 ι
304 3767 486 3836 pulchritudo
501 3773 561 3840 ejus
576 3772 639 3826 talis
650 3780 690 3827 est
707 3778 738 3827 ut
755 3773 861 3828 Libani.
875 3771 929 3827 Cn·
982 3772 1088 3839 carnis,
1105 3773 1168 3844 ipsa
1182 3772 1271 3827 dicit:
1289 3793 1302 3821 ιι
1316 3771 1372 3839 ligo
1385 3771 1467 3827 lesus
1478 3770 1543 3825 misi
1560 3769 1696 3840 angelum
1715 3783 1805 3825 meum

104 3854 152 3924 jus
168 3854 291 3911 Libani?
308 3858 388 3914 lilius
404 3860 553 3927 nimirum,
566 3864 611 3918 cui
626 3878 677 3934 per
692 3861 855 3932 prophetam
876 3861 928 3917 Za·
983 3862 1129 3921 testificari
1144 3862 1234 3931 vobis,
1252 3861 1312 3917 haec
1327 3860 1356 3916 iu
1373 3859 1519 3923 ecclesus,
1536 3875 1588 3931 ago
1602 3876 1668 3915 sum
1685 3860 1805 3915 rediret

108 3943 235 4001 chariam
251 3946 373 4016 Spiritus
384 3959 510 4018 sanctos,
523 3951 640 4021 spiritus
652 3951 929 4021 propheticusdixit:
982 3969 1075 4025 genus
1091 3951 1178 4009 David
1194 3951 1285 4023 (apoc.
1302 3952 1384 4020 ιιιι).
1398 3971 1412 4000 ιι
1428 3951 1515 4021 igitur
1529 3950 1582 4004 isto
1594 3964 1711 4020 quoquo
1727 3948 1806 4005 modo

110 4054 124 4083 a
141 4035 233 4104 aperi.
251 4035 364 4106 Libane,
380 4048 474 4111 portas
501 4047 573 4110 tuas,
590 4048 616 4096 et
638 4043 768 4097 comedat
789 4044 865 4116 ignis
879 4058 930 4097 ce·
986 4064 998 4095 ι
1015 4041 1194 4112 specicsejus
1207 4052 1236 4095 ut
1252 4040 1363 4106 Libani,
1376 4061 1390 4088 ιι
1400 4045 1428 4094 ει
1442 4063 1453 4089 ι
1467 4039 1574 4095 εΙεειιε
1585 4048 1613 4093 ut
1624 4038 1717 4104 cedri,
1729 4057 1743 4089 ι
1756 4034 1807 4092 εει·

109 4122 176 4178 ιιιοε
189 4129 252 4181 tuas
267 4126 356 4197 (ant.
375 4131 421 4197 tl.»
438 4135 492 4185 late
509 4131 630 4187 Liltanus
650 4131 706 4187 tott
720 4134 859 4203 templum
875 4130 931 4186 Do·
985 4133 1051 4190 licet
1062 4130 1155 4188 sancti
1170 4132 1213 4185 vel
1232 4129 1454 4201 patresantiqui,
1466 4128 1492 4184 id
1505 4137 1546 4182 εει
1567 4126 1751 4182 assimilatos
1770 4130 1810 4180 est

111 4215 193 4283 mini,
211 4219 350 4290 templum
367 4222 440 4289 quod
466 4219 601 4279 Salomon
628 4223 750 4280 Domino
769 4222 930 4287 edificavit,
985 4220 1298 4291 illisquemadmoalum
1311 4215 1809 4287 inOsecpropbetadicitmDtlocu·

112 4307 156 4376 cuj
164 4323 195 4361 ns
210 4307 304 4364 trabes
322 4316 349 4363 et
366 4307 495 4364 tabutata
518 4312 577 4368 iera
592 4314 691 4368 omnia
716 4314 783 4369 iecit
797 4314 831 4368 dc
845 4310 932 4381 lignis
984 4315 1031 4368 tus
1045 4326 1108 4365 som
1124 4325 1173 4380 per
1187 4309 1348 4378 propbetas,
1360 4314 1449 4377 stepo
1466 4305 1592 4359 visiones
1608 4301 1808 4373 multiplicari,

28 4472 32 4477 Ι
113 4394 226 4462 Libani,
240 4397 324 4465 lignis
339 4398 464 4453 cedrinis
478 4415 604 4470 auroque
617 4401 735 4457 aestivit.
751 4403 782 4457 ln
798 4417 854 4472 quo
869 4417 933 4471 spe·
986 4406 1015 4457 ει
1023 4400 1052 4455 in
1068 4413 1154 4455 :nanu
1166 4397 1366 4470 prophetarum
1379 4394 1557 4451 assimilatus
1568 4409 1630 4449 sum
1642 4392 1808 4463 (Darem).-

112 4484 171 4540 cies
185 4485 281 4542 dilecti
297 4486 402 4543 similis
417 4490 523 4559 speciei
542 4490 605 4547 talis
621 4491 720 4547 Libani
734 4493 747 4546 ‘l
760 4492 885 4547 Primum
901 4491 929 4546 in
949 4476 970 4539 i)
986 4489 1113 4559 Exempli
1129 4488 1240 4559 gratia:
1256 4487 1329 4542 sicut
1341 4488 1417 4542 isaac
1428 4485 1462 4540 ad
1474 4483 1685 4540 immolandum
1700 4485 1810 4548 ductus,

113 4576 234 4645 eoquod
252 4575 326 4632 sicut
342 4577 461 4634 libanus
477 4579 536 4646 illc,
554 4578 691 4650 templum
708 4579 791 4645 illud,
807 4587 889 4649 caput
907 4586 934 4635 ct

112 4663 198 4719 decus
220 4665 339 4733 exstitit,
355 4673 545 4736 sanctumque
570 4677 734 4724 sanctorum
757 4668 932 4724 Hierusalem

113 4843 210 4909 decus,
227 4849 256 4899 ot
270 4847 391 4900 Sanctus
406 4854 570 4903 sanctorum
594 4857 636 4902 εει
652 4863 779 4918 supernae
800 4846 935 4901 Hierusa-

114 4932 170 4990 lem
185 4935 291 4990 civitati
305 4937 425 5004 eoelesti,
440 4935 544 4993 civitati
561 4935 612 4992 Dei
629 4937 755 5001 viventis,
773 4936 933 4992 secundum

114 5026 248 5095 mysteria
263 5029 363 5098 templi
381 5026 464 5096 hujus
480 5042 537 5084 non
562 5027 728 5091 manuhrcri,
744 5032 846 5080 cuncta
862 5024 935 5081 lacta

114 5122 180 5169 sunt
196 5114 316 5171 artificia
331 5117 428 5186 templi
441 5115 518 5170 illius
535 5115 700 5178 manufacti,
711 5116 785 5170 sicut
798 5118 826 5169 et
840 5113 934 5170 taber·

114 5205 262 5271 naculum,
277 5205 351 5276 qottd
376 5204 469 5260 Moses
485 5207 514 5260 in
538 5220 644 5271 cremo,
659 5206 777 5273 jubente
802 5203 934 5272 Domino,

116 5295 243 5369 perfecit.
260 5297 343 5352 Sicut
358 5297 434 5351 enlm
460 5295 494 5348 da
510 5294 695 5349 tabernaculo
720 5292 849 5348 iaciendo
864 5293 934 5347 dixit

117 5386 254 5442 Dominus
269 5385 360 5441 Masi:
379 5405 391 5435 a
410 5384 522 5453 Inspice
549 5392 575 5439 et
591 5383 634 5438 iac
656 5383 813 5437 secundam
838 5398 936 5436 ment-

119 5475 181 5548 plar
195 5480 267 5546 quod
286 5476 335 5530 tibi
359 5473 387 5528 in
414 5484 508 5528 monte
533 5473 704 5528 monstrarit
717 5470 812 5541 (aava.
827 5472 903 5542 axv),
919 5492 935 5521 ιι

116 5565 157 5621 ιιι
171 5574 199 5622 ot
219 5566 307 5623 David
332 5563 470 5636 Spiritum
486 5571 627 5626 sanctum,
643 5559 774 5631 spiritum
789 5559 936 5630 propheti·

988 4595 1046 4636 non
1063 4578 1214 4635 reluctatus
1230 4586 1269 4631 est
1286 4577 1458 4645 ipse,tamcn
1478 4573 1558 4628 tirus
1574 4569 1744 4628 holocausto
1759 4586 1811 4626 suo

988 4666 1127 4737 superfuit
1141 4663 1218 4735 (Gen.
1230 4666 1318 4734 ιιιι);
1337 4681 1349 4712 ι
1366 4670 1393 4718 ει
1408 4661 1482 4716 sicut
1494 4659 1609 4728 iosaph,
1627 4656 1736 4714 insidia
1753 4656 1810 4714 lra-

988 4763 1062 4811 trum
1077 4762 1217 4822 superata,
1229 4756 1264 4808 de
1276 4767 1390 4808 carcere
1400 4750 1528 4804 transivit
1541 4751 1573 4803 ad
1590 4762 1708 4802 currum
1720 4746 1814 4802 domi·

988 4845 1124 4909 nationis,
1149 4850 1174 4897 rt
1202 4845 1352 4911 AEoyptum
1382 4842 1417 4894 do
1446 4837 1573 4909 periculo
1602 4836 1686 4891 tamis
1712 4837 1819 4907 eripuit

988 4937 1066 5007 (uon.
1080 4934 1145 5004 ιιι).
1162 4937 1198 4987 ιιι
1213 4934 1287 4987 ειειι
1311 4928 1410 4994 θινιιι,
1425 4943 1489 4984 curn
1506 4928 1583 4982 essct
1610 4924 1764 4990 minimus,
1782 4926 1817 4979 de

990 5024 1082 5081 medio
1098 5026 1215 5078 iratrnm
1232 5019 1433 5083 inridentium,
1449 5020 1624 5087 assumptus,
1641 5023 1670 5072 ει
1687 5032 1738 5073 rex
1762 5031 1818 5072 un·

989 5123 1061 5176 ctus,
1077 5111 1230 5183 superbum
1250 5108 1348 5165 Goliad
1374 5107 1481 5173 stravit,
1497 5113 1524 5161 ct
1549 5114 1611 5175 post
1636 5103 1743 5161 mullas
1767 5120 1819 5175 per

990 5203 1150 5259 secutiones
1164 5200 1242 5266 Saul,
1255 5201 1368 5254 tandem
1380 5198 1453 5254 sedit
1466 5197 1494 5252 in
1511 5195 1614 5251 throno
1628 5194 1708 5264 rapat
1718 5195 1743 5267 (l
1755 5194 1822 5266 Dea.

989 5293 1064 5364 artie
1080 5312 1093 5344 a
1112 5293 1153 5346 sic
1170 5288 1354 5346 istodilectus
1369 5287 1444 5342 inter
1456 5287 1575 5340 adversa
1591 5283 1737 5354 gloriosus
1760 5285 1823 5340 citt·

991 5383 1059 5446 ruit,
1075 5381 1210 5449 omnique
1234 5378 1344 5432 invidia
1369 5381 1397 5431 et
1422 5375 1482 5447 ipsa
1499 5378 1590 5428 moria
1616 5379 1765 5442 superata,
1792 5375 1825 5433 itt

990 5473 1093 5526 coelum
1110 5466 1238 5523 ascendit
1254 5479 1281 5522 et
1300 5469 1374 5522 serlot
1392 5482 1407 5518 a
1422 5463 1530 5518 dextris
1551 5461 1612 5526 Dei,
1627 5461 1707 5532 juxta
1729 5464 1824 5523 iliud:

991 5580 1006 5608 ιι
1023 5562 1061 5613 De
1076 5560 1203 5611 torrente
1218 5555 1247 5609 in
1264 5554 1308 5607 ria
1323 5551 1409 5619 bibet,
1424 5557 1574 5621 propterea
1587 5548 1726 5607 exaltabit
1739 5559 1828 5623 eaput
