3826 6014
79 209 138 271 est

404 212 609 275 COMMEN'P.
633 214 674 275 IN
693 212 752 277 XII
774 211 918 274 PROPH.
942 208 1025 272 MIN.
1049 245 1086 257 -
1109 215 1151 275 IN
1174 215 1298 280 NAUM.
1321 220 1397 282 ΗΒ.
1421 221 1474 284 lli.

1736 233 1796 296 882

78 363 180 419 aquam
195 343 284 401 isauri
296 345 360 413 libi,
374 346 459 414 virili,
477 349 549 403 dnm
565 350 672 405 dicitur
684 349 759 404 intra
773 349 801 403 in
812 349 905 403 turum
924 347 949 414 Α
964 345 1135 418 Olympiade
1146 367 1235 407 uxore
1248 351 1373 427 Philippi
1386 358 1660 427 Macedonis,uonne
1671 367 1794 426 brucins

80 441 153 497 Nam
169 439 247 512 quod
265 456 370 511 aquam
388 440 574 504 hauriremus
586 443 624 496 sit
637 443 911 510 mulieri,intempe·

80 538 179 586 rauter
205 532 300 585 virum
323 531 434 599 subire,
460 531 495 586 de
520 532 570 586 illa
594 533 741 603 Sapientis
764 531 912 586 sententia

81 626 207 682 constat,
232 637 322 692 qoem
348 621 418 675 dicit
443 638 449 677 :
476 623 553 676 sicut
577 624 666 676 viator
687 624 785 678 sitiens
800 621 835 676 ad
848 623 912 693 son-

80 719 136 766 tem
149 726 270 766 orsrnrm
284 710 399 780 aperiet,
417 722 442 766 et
466 711 499 766 oi
512 711 589 766 cinni
603 728 677 783 aqna
692 713 821 783 proxima
838 713 911 767 lieet

80 800 175 870 (dccii.
188 800 275 872 xxvi).
290 800 391 872 ltaque
403 801 456 856 boc
470 802 710 857 modoexstruere
722 801 911 870 munitiones,

84 889 198 946 scilicet
215 889 336 945 muliere
356 890 510 946 hauriente
526 908 647 962 aquam,
665 890 725 945 viro
739 892 866 946 intrante
884 895 913 945 iu

80 980 189 1047 lutum,
206 979 311 1035 bocesi
327 987 441 1051 prepter
457 996 575 1036 causam
594 998 684 1053 supro
702 987 910 1049 memoratam,

80 1071 214 1126 certatim
225 1071 383 1126 morituras
398 1069 534 1141 supplere
545 1071 685 1141 legiones.
703 1070 797 1126 Taceo
811 1070 846 1124 de
861 1068 911 1124 illa

81 1166 165 1232 parte
179 1161 522 1231 extrematurpitudinis,
535 1176 621 1232 qaum
633 1161 792 1234 Apostolus
808 1159 911 1215 merito

84 1249 257 1305 horrescens
272 1249 442 1304 terribiliter
458 1249 593 1321 perculit,
605 1250 675 1320 quia
688 1251 803 1318 sumina
817 1264 912 1304 eorum

82 1339 300 1395 immolauerunt
316 1339 470 1395 naturalem
486 1356 577 1401 usum,
594 1339 702 1395 ineam
718 1356 797 1395 usum
808 1341 857 1412 qui
875 1341 915 1394 est

80 1439 178 1484 contra
193 1434 346 1497 naturam,
362 1430 492 1485 similiter
502 1433 527 1485 et
539 1429 658 1485 masculi
674 1431 768 1486 relicto
790 1427 916 1489 naturali

83 1533 135 1571 asu
150 1520 274 1586 lemine,
290 1523 454 1573 exarserunt
478 1518 509 1572 iu
532 1517 678 1574 desideriis
701 1517 914 1583 misiconem,

83 1608 202 1660 masenii
217 1605 247 1660 in
258 1606 392 1662 masculos
402 1606 605 1677 turpitudinem
620 1613 761 1676 operantes
778 1609 865 1672 idom.
883 1605 913 1676 ι).

969 437 1075 491 sermis
1085 454 1226 509 expensus
1240 443 1296 512 tuit
1311 444 1325 498 i
1339 452 1377 499 Al
1392 446 1441 502 illc
1456 464 1597 518 eepnnsns
1616 456 1747 520 euomuit,
1765 459 1793 515 id

969 533 1013 581 est
1027 526 1165 583 velociter
1177 531 1312 601 decessit,
1325 534 1434 590 scilicet
1446 540 1539 595 intulis
1551 557 1609 596 sae
1620 560 1696 600 anno
1708 546 1795 605 trice·

969 615 1044 671 simo
1057 619 1161 687 primo,
1177 621 1258 692 regni
1275 627 1372 678 autem
1389 624 1572 684 duolecimo.
1591 632 1664 696 Quid
1686 635 1710 690 si
1727 637 1794 708 qais
1898 626 1901 631 ’

969 704 1162 776 aliosaliquot
1178 711 1329 767 mensibus
1344 714 1386 769 rel
1411 716 1496 772 annis
1513 734 1576 774 sese
1603 726 1795 794 expandendo

969 794 1081 850 diutius
1096 797 1221 863 duravit,
1233 817 1301 856 num
1313 802 1603 878 diuturnaexpansio
1620 815 1795 886 cujusquam
1901 860 1904 865 .

969 884 1053 939 debet
1065 886 1215 954 estimari,
1231 893 1483 960 quantorumlibet
1497 915 1644 956 annorum
1675 903 1762 961 fucrit
1782 905 1796 960 ‘i

972 973 1116 1031 Nimirum
1133 978 1182 1050 qui
1200 979 1335 1050 pluribus
1355 984 1440 1040 anuis
1456 986 1555 1044 vivens
1572 990 1599 1045 iu
1616 992 1670 1049 boc
1686 997 1793 1053 seculo
1892 1046 1895 1051 .

971 1080 1034 1119 sese
1060 1066 1201 1131 dilatavit,
1227 1070 1303 1124 brevi
1328 1074 1505 1143 expansione
1521 1094 1585 1135 sese
1600 1085 1751 1154 expandit,
1767 1091 1797 1142 et

970 1155 1028 1209 citu
1040 1155 1442 1229 decessitillnm«lacessisse,
1452 1164 1597 1222 bruchum
1608 1169 1739 1227 avolasse
1751 1176 1796 1229 est

970 1253 994 1299 el
1011 1244 1130 1311 pulchre
1143 1264 1198 1303 noa
1216 1249 1327 1306 dictum
1344 1257 1399 1320 est,
1417 1271 1564 1325 expansas
1576 1264 1621 1312 est
1633 1262 1661 1313 et
1677 1260 1795 1329 velavit,

970 1333 1020 1387 sed
1046 1349 1183 1403 expansus
1202 1343 1242 1394 est
1265 1349 1291 1394 et
1310 1341 1440 1409 arotarii,
1458 1345 1484 1399 id
1503 1350 1559 1409 est,
1576 1363 1632 1402 non
1646 1349 1795 1408 rediturus

971 1425 1100 1479 recessit.
1114 1427 1204 1492 Quem
1218 1428 1280 1484 leve
1291 1431 1432 1502 estbujus
1442 1434 1505 1489 rita
1519 1442 1797 1512 momentum‚quoil
1898 1442 1902 1447 ’

970 1513 1066 1570 adbuc
1082 1515 1143 1588 ipse
1158 1517 1207 1588 qui
1220 1519 1329 1576 habitat
1344 1523 1373 1576 in
1388 1522 1472 1592 crelin,
1493 1525 1619 1581 irridens
1635 1531 1722 1599 (Daui.
1742 1532 1771 1600 ni
1789 1546 1796 1587 :

972 1601 1111 1670 Custodes,
1140 1607 1245 1680 inquil,
1277 1611 1320 1666 rui
1337 1615 1420 1682 qnasi
1442 1614 1563 1682 locuste,
1584 1625 1610 1672 ct
1623 1619 1739 1688 parvoli
1752 1624 1798 1693 tui

83 1694 255 1760 Sal'iicit,ad
267 1698 420 1767 presentis
431 1697 590 1767 Scriptura
601 1697 912 1766 intentionem,expro·
930 1721 954 1788 B
971 1695 1051 1764 quasi
1066 1697 1182 1754 locustoe
1196 1698 1371 1757 locustarum.
1387 1704 1511 1768 Quinam
1524 1712 1593 1761 sunt
1608 1708 1661 1774 tui,
1680 1724 1696 1763 o
1712 1707 1795 1764 Nini·
1889 1722 1893 1729 “

82 1782 912 1858 brureillodquadaliquamhabereridebaturraliouem,
970 1802 1013 1852 ve,
1028 1788 1176 1854 custodes,
1192 1789 1249 1844 nisi
1263 1792 1360 1846 saculi
1377 1795 1536 1868 principes,
1554 1814 1609 1853 non
1626 1797 1654 1854 in
1673 1803 1729 1856 Deo
1744 1800 1795 1857 sed

84 1872 199 1929 scilieet
213 1877 288 1946 qued
307 1876 416 1930 multos
429 1878 555 1931 lacerent
571 1876 773 1949 filiospropter
784 1875 914 1932 obsidio·
969 1874 998 1928 in
1016 1876 1123 1932 seculo
1137 1884 1267 1948 potentes
1278 1885 1289 1937 i
1299 1880 1349 1936 isti
1362 1880 1452 1954 igitur
1466 1883 1605 1940 videntur
1616 1903 1680 1943 esee
1691 1887 1796 1960 gigan·

85 1979 163 2030 aem,
175 1964 509 2036 proptervindieandam
528 1971 609 2021 terrie
619 1965 840 2034 habitationem,
854 1967 913 2022 eive
969 1969 1025 2033 tes,
1038 1965 1258 2041 sedeccequasi
1280 1969 1400 2027 locuste
1415 1978 1494 2028 sunt.
1510 1974 1675 2031 Subsiliaut
1687 1977 1714 2032 in
1732 1994 1798 2035 car·

84 2052 248 2126 quamlibet
259 2055 416 2111 civitatem.
432 2055 507 2120 Nou,
525 2055 658 2128 inquam,
676 2057 800 2128 pertinet
816 2057 850 2112 ad
862 2072 912 2113 eos
969 2054 1061 2123 ribus,
1076 2057 1198 2113 volitent
1213 2058 1242 2114 in
1260 2060 1353 2132 equis,
1366 2067 1395 2117 ot
1410 2064 1440 2117 in
1456 2064 1538 2119 tibiis
1553 2065 1616 2120 suis
1631 2067 1795 2138 glorientur

80 2143 180 2199 irrisio
197 2144 266 2212 hnc,
288 2144 424 2211 dicentis,
446 2147 522 2200 intra
538 2147 568 2201 in
584 2147 685 2214 tutum,
702 2151 845 2202 etcetera
861 2162 912 2202 ne·
963 2143 1115 2212 ,juvenculi
1133 2163 1140 2202 z
1158 2165 1225 2204 uam
1239 2149 1357 2206 interim
1373 2160 1509 2223 spectans
1524 2169 1574 2210 eos
1597 2156 1722 2228 desuper
1743 2174 1793 2215 sa·

80 2235 201 2307 nasibi,
218 2237 279 2292 sive
295 2236 495 2309 propterillud
508 2239 628 2294 comedet
645 2255 689 2294 ces
705 2239 787 2310 ipnis,
800 2243 850 2294 aut
863 2252 910 2311 pe·

79 2323 177 2380 ribunt
187 2325 290 2393 plodio,
301 2325 500 2382 ouldeuerauit
508 2342 553 2382 eos
564 2328 683 2383 bruchus
693 2353 699 2394 ;
710 2333 910 2384 verumtamen

79 2414 135 2470 boc
151 2420 283 2487 tempore
299 2417 442 2472 beatiores
458 2423 539 2482 suut,
557 2417 607 2491 qui
625 2425 909 2489 permanentsecun·

80 2504 152 2560 dum
167 2507 301 2578 Apostoli
316 2505 483 2577 consiliam,
496 2507 740 2580 utvirlelicetqui
749 2508 854 2563 solutus
865 2511 909 2564 est

80 2594 115 2649 ab
125 2611 224 2663 neore,
236 2595 308 2652 nolit
318 2612 441 2669 quaerere
451 2613 577 2661 acorem,
588 2603 614 2655 et
625 2599 674 2670 qni
684 2598 786 2654 iubent
797 2614 907 2668 creares,

79 2692 212 2756 tanquam
228 2702 282 2741 rien
297 2686 425 2742 tridentes
440 2690 496 2742 sint
511 2688 534 2759 (i
550 2687 610 2744 Cor.
628 2687 689 2759 vul,
705 2687 776 2743 illud
790 2704 909 2761 quoque

81 2775 291 2831 iutercaeteras
317 2776 523 2833 tribulationes
544 2777 642 2833 carnis
669 2782 848 2849 reputantes,
876 2795 911 2834 ue

79 2863 155 2920 iorte
170 2865 248 2937 quod
267 2870 417 2934 generant,
431 2867 528 2922 veniat
541 2866 578 2922 ad
590 2882 744 2922 numerum
757 2867 909 2922 stellarum

968 2234 1087 2304 pientia,
1104 2236 1179 2293 ridet
1200 2249 1227 2295 et
1250 2239 1320 2295 dicit
1338 2256 1345 2296 :
1360 2242 1479 2298 Florctrit
1493 2235 1666 2317 nmppdolus,
1680 2246 1791 2320 impin·

965 2327 1098 2395 panditur
1115 2325 1217 2383 locusta
1233 2326 1338 2400 (eccle.
1349 2347 1398 2388 xa.
1414 2331 1558 2398 Quidnam
1573 2340 1618 2390 cst
1633 2335 1793 2408 impinpun·
1887 2408 1889 2412 Ι

967 2414 1042 2469 bitur
1052 2415 1166 2484 locusta,
1181 2416 1236 2472 nisi
1248 2418 1442 2476 intumescent
1453 2427 1481 2477 et
1492 2425 1608 2479 tumore
1619 2442 1673 2480 sua
1685 2443 1790 2500 grava·

966 2503 1120 2573 buntur,si
1133 2506 1168 2561 ed
1180 2510 1268 2562 citam
1281 2514 1425 2566 senectam
1437 2512 1698 2586 pervenientem
1711 2532 1790 2574 nunc

966 2591 1076 2648 saliunt
1090 2596 1347 2667 crurajureniliai
1363 2599 1465 2654 inlatis
1476 2601 1593 2671 ilaritio,
1612 2605 1720 2661 misera
1734 2607 1790 2662 im·

968 2683 1129 2754 pinguaiio,
1145 2701 1209 2739 cum
1222 2702 1278 2756 pree
1290 2688 1427 2743 ariditate
1438 2691 1598 2746 senectutis
1610 2693 1733 2750 canities
1743 2694 1793 2752 ilo·

967 2771 1055 2826 rescit
1070 2789 1076 2839 ;
1092 2777 1121 2828 ct
1135 2780 1251 2829 econtra
1264 2792 1319 2847 pras
1329 2775 1452 2832 humore
1462 2777 1570 2846 inutili,
1583 2797 1651 2836 crus
1662 2790 1711 2836 aut
1723 2783 1794 2839 tibia

967 2860 1143 2934 pinguescit.
1154 2864 1207 2928 Qui
1222 2871 1384 2935 porrosunt
1396 2867 1558 2939 pervalido
1571 2870 1680 2941 quibus
1697 2870 1769 2927 dicit
1785 2886 1792 2927 τ

80 2953 157 3023 wli,
172 2955 312 3026 quoniam
325 2955 372 3012 hic
385 2956 424 3013 Μ
434 2958 547 3013 dietum
559 2963 604 3014 „t
621 2955 743 3012 :prum
756 2958 909 3029 fecium.
968 2952 1006 3005 Et
1019 2951 1132 3022 purvuli
1147 2951 1189 3008 tui
1202 2953 1273 3009 sicut
1288 2956 1403 3013 locuste
1418 2957 1596 3025 locustarum,
1614 2957 1669 3014 nisi
1686 2959 1794 3033 vulgus
1878 3032 1881 3036 .

79 3042 251 3116 oman-„m
261 3062 343 3118 qnam
361 3048 448 3103 ,mpae
467 3054 531 3102 „nt
545 3049 616 3103 ΜΗ,
631 3048 759 3120 Denique
776 3053 804 3103 ,r
820 3048 910 3121 parri.
925 3094 947 3160 c
966 3040 1041 3097 exile
1052 3041 1112 3097 sive
1122 3043 1278 3115 populares
1288 3050 1339 3101 aut
1350 3045 1454 3118 plebei,
1466 3063 1591 3119 quorum
1600 3049 1794 3107 estimatione

80 3134 138 3190 bu,
154 3138 183 3191 et
199 3135 383 3208 pmparchjg,
401 3154 526 3209 quorum
543 3137 636 3210 primo
654 3138 776 3192 Abram
797 3137 910 3194 dixerat
968 3133 1037 3187 dum
1062 3132 1219 3188 adulentur
1241 3135 1463 3204 potentioribus,
1488 3136 1544 3209 ipsi
1561 3143 1694 3209 potentes
1709 3139 1796 3213 quasi

81 3227 159 3280 neu,
185 3241 193 3281 t
218 3224 330 3296 sm„
354 3226 461 3297 mrum,
486 3236 511 3282 σι
533 3244 650 3283 ,mmm
674 3226 777 3294 ,retem
793 3226 821 3282 μ’
833 3232 912 3300 pom
966 3222 1101 3294 gigantes
1117 3223 1208 3278 santi
1223 3222 1329 3297 Utique
1344 3227 1559 3297 quantumlibet
1575 3226 1724 3285 adulando
1737 3246 1795 3286 aon

81 3311 161 3382 (Gen.
177 3315 223 3386 xv)
237 3333 243 3385 ;
258 3332 290 3370 ac
301 3315 438 3388 deinceps
452 3333 458 3370 :
471 3317 527 3382 Sir,
539 3317 644 3389 inquit,
661 3318 714 3373 erit
729 3333 817 3372 semen
831 3322 911 3373 inum
967 3311 1109 3378 elilciunt,
1123 3312 1358 3386 utipsiputentes
1371 3317 1457 3387 quasi
1467 3315 1628 3389 elephanti,
1641 3324 1669 3374 et
1680 3318 1729 3392 qui
1740 3319 1796 3376 sub
1892 3362 1895 3367 -

80 3401 189 3476 (ibidiz
200 3403 284 3477 ipsis,
296 3405 430 3476 inquam,
443 3407 575 3477 patribus
587 3405 709 3476 conligit
718 3406 913 3480 piuresiacere
967 3403 1009 3459 05⁸
1021 3403 1104 3476 (iulii
1123 3405 1209 3460 b0V08
1225 3405 1294 3472 Sint·
1312 3412 1364 3460 &Ui
1375 3407 1459 3478 quasi
1472 3408 1585 3476 bubuli,
1599 3409 1648 3464 Sed
1661 3411 1741 3483 iiiii
1752 3410 1797 3465 3⁰·

80 3494 283 3563 neuetiaiionss
306 3512 391 3567 quam
412 3497 503 3553 nette
524 3506 587 3551 sunt
604 3497 677 3563 caeti,
704 3496 734 3551 id
748 3503 792 3553 est
806 3504 838 3552 ut
854 3514 911 3553 nou
967 3503 1055 3550 cusiae
1071 3493 1252 3564 locustarum,
1270 3495 1298 3550 id
1311 3504 1355 3552 est
1368 3497 1493 3566 minimi,
1506 3503 1656 3570 portantes
1674 3499 1797 3571 imperia

83 3599 188 3640 omnes
200 3599 273 3656 quos
285 3584 340 3655 ipsi
353 3589 753 3658 generaveruutpertiaerent
764 3587 799 3642 ed
809 3603 913 3644 numo·
968 3599 1134 3654 parvorum·
1147 3585 1238 3649 Quam
1249 3600 1314 3639 V0f⁰
1326 3587 1623 3660 diiissielssflblfflssll
1633 3606 1640 3644 ²
1651 3588 1719 3657 0¹⁴ae
1727 3605 1794 3645 ⁰0²³·

81 3688 149 3727 rum
174 3672 328 3729 stellarum
349 3676 507 3745 ejusmodi.
531 3677 626 3731 Nonne
650 3675 739 3745 irater
762 3678 833 3732 Esou
852 3682 913 3734 erat
968 3671 1056 3743 fidunt
1072 3671 1101 3728 in
1115 3671 1225 3745 sepibus
1239 3673 1269 3728 in
1284 3674 1329 3730 die
1342 3675 1466 3746 sripcris,
1483 3678 1523 3732 sot
1539 3681 1674 3745 ortusesl,
1691 3689 1795 3737 etauc-

79 3763 178 3832 iacob,
204 3764 245 3820 ait
269 3764 421 3834 Dominus,
447 3770 471 3822 el
495 3766 584 3823 dilexi
605 3767 700 3832 iiicob,
727 3769 797 3822 Esau
815 3774 914 3825 eutem
967 3764 1100 3828 iuuerunt,
1117 3772 1143 3819 rt
1159 3779 1213 3818 nou
1228 3768 1266 3819 est
1280 3766 1489 3835 capnitasiocns
1503 3766 1795 3840 earumubisuernnt,

79 3853 147 3910 odio
161 3853 249 3909 hebui
264 3856 420 3926 iltialaclr.
436 3855 466 3927 ι).
485 3856 624 3929 Sequitur
641 3872 647 3912 :
665 3858 789 3912 lirucltus
807 3873 910 3928 caparr-
968 3852 1103 3908 videlicet
1119 3854 1277 3909 secundam
1295 3860 1429 3910 naturam
1447 3854 1708 3927 locustarum,qutn
1720 3858 1795 3928 ejus·

83 3959 131 3998 sus
143 3952 181 4000 est
196 3953 223 3999 el
237 3945 368 4001 occinuit.
387 3946 516 4001 Custodes
526 3951 569 4001 tui
581 3945 662 4019 quasi
672 3949 794 4009 tocnstae.
811 3955 836 4002 et
850 3963 913 4017 par·
968 3942 1047 3998 modi
1062 3947 1117 4009 est,
1135 3947 1163 3997 ui
1180 3942 1209 3998 in
1227 3943 1332 4015 trigore
1349 3949 1496 4016 torpentes
1512 3962 1563 4017 per
1577 3944 1703 4001 calorem
1723 3945 1795 4002 voli·
1901 3988 1908 3997 .

81 4033 144 4088 cuii
157 4035 198 4089 lui
212 4034 292 4105 quasi
307 4035 417 4091 locustae
437 4036 619 4106 locustarum,
642 4053 701 4109 puae
721 4035 861 4107 confidunt
881 4038 912 4093 in
967 4037 1039 4090 tent.
1055 4032 1128 4097 Quid
1142 4049 1193 4105 per
1204 4033 1280 4089 diem
1291 4034 1794 4109 trigorisnisitenipusintelligimus

79 4122 156 4181 255
173 4121 283 4193 sepibus
298 4125 326 4178 in
349 4126 395 4180 die
409 4124 535 4195 friporis.
552 4125 598 4181 Sol
613 4129 690 4181 crtus
703 4130 754 4194 est,
772 4133 797 4182 et
820 4125 913 4182 aneta·
966 4122 1162 4188 adversitatis,
1178 4124 1305 4195 quaudo,
1318 4123 1415 4180 causis
1430 4125 1613 4195 exigentibus
1625 4125 1796 4196 justumest

76 4214 191 4282 uerunt,
207 4219 234 4268 et
248 4230 304 4270 non
317 4219 357 4269 est
373 4217 496 4287 capnitus
515 4213 592 4269 iocns
604 4230 714 4283 earum,
728 4213 777 4270 ati
791 4214 910 4285 inerint.
967 4217 1083 4283 gentem
1100 4213 1256 4285 quamlibet
1271 4218 1322 4269 aut
1346 4231 1469 4287 regnum
1485 4213 1617 4270 tribulari
1634 4215 1739 4272 ‘iTunc
1750 4217 1794 4273 el·

75 4300 152 4366 Ouia
166 4301 279 4358 dixerat
297 4319 303 4358 :
318 4319 485 4374 conprecare
499 4307 528 4359 ut
540 4304 670 4371 bruchus,
680 4305 872 4374 multiplicare
882 4308 913 4362 ut
967 4301 1039 4357 lusae
1052 4301 1256 4360 multitudines
1266 4303 1449 4360 exercituum
1466 4309 1603 4376 tanquam
1629 4303 1747 4361 locustas
1763 4305 1793 4362 in

79 4388 198 4459 locusta,
214 4391 438 4448 immoderatam
451 4402 538 4465 atque
552 4393 733 4466 superfluam
749 4393 850 4450 voleus
867 4395 913 4450 in·
968 4390 1102 4458 urbibus,
1118 4397 1168 4447 aut
1179 4392 1256 4449 circa
1277 4393 1541 4460 urbescousiduut,
1557 4402 1584 4450 et
1600 4397 1658 4449 tim
1675 4395 1705 4449 in
1721 4394 1793 4451 vicis
1868 4442 1875 4447 .

78 4479 171 4554 telligi
194 4482 411 4552 generationem
433 4488 521 4555 atque
536 4489 731 4556 conceptuum
746 4483 907 4541 infelicium
925 4468 948 4533 Ι)
965 4495 1053 4552 quum
1067 4481 1095 4535 in
1112 4482 1189 4553 agris
1205 4490 1310 4539 cuncta
1325 4489 1516 4540 consumunt.
1534 4483 1664 4556 Exempli
1686 4484 1792 4558 gretia,

76 4571 463 4646 abundantiamqueveluti
476 4575 595 4647 pennati
608 4574 761 4631 vermiculi
774 4575 910 4633 decarne
969 4573 1000 4625 ut
1014 4570 1124 4643 Assyrii
1140 4576 1210 4627 tunc
1222 4573 1360 4644 temporis
1375 4573 1573 4630 ascenderunt
1589 4572 1623 4628 ad
1643 4575 1796 4630 universas

76 4659 171 4732 hujus
182 4663 284 4719 mundi
295 4664 426 4736 quotidie
438 4666 584 4721 nascendo
601 4663 777 4733 scaturiunt,
793 4681 908 4735 parma·
967 4657 1098 4714 civitates
1111 4658 1187 4715 iuda
1204 4662 1331 4716 munitas
1347 4668 1375 4717 et
1389 4666 1530 4734 ceperunt
1546 4677 1605 4728 eas,
1623 4665 1650 4717 et
1671 4661 1795 4717 obsede-

77 4765 153 4807 nous
169 4754 199 4808 in
216 4753 397 4825 metaphora,
407 4753 775 4825 grandevauitatiseorum
792 4754 910 4810 riducn·
967 4757 1035 4804 runt
1049 4747 1242 4805 Hierusalem.
1255 4751 1321 4807 Dies
1336 4751 1451 4823 frigoris
1466 4755 1538 4817 erat,
1551 4751 1578 4806 id
1591 4755 1645 4818 est,
1657 4749 1795 4806 nliiictio-

75 4836 141 4895 lum
158 4842 269 4912 pandit,
285 4843 327 4897 sic
338 4843 501 4914 incipieus;
520 4843 644 4898 Bructeris
660 4859 800 4915 expansus
812 4852 866 4909 est,
881 4851 909 4900 et
967 4853 1032 4893 aem
1046 4846 1161 4910 propter
1177 4855 1232 4894 sua
1248 4841 1434 4896 merebantur
1449 4844 1575 4910 peccata.
1593 4839 1648 4895 Sed
1665 4848 1743 4894 ortus
1754 4845 1794 4895 est

76 4928 210 4985 avolarit.
227 4930 334 4996 Quanti
350 4932 428 4988 enim
439 4932 783 4989 aetimatexatlaetonem
796 4932 856 4988 sive
866 4933 909 4989 di·

75 5016 248 5077 lutationem
264 5021 392 5078 filiorum
405 5021 496 5094 hujus
508 5022 617 5092 saculi,
629 5023 828 5095 comparando
839 5020 909 5079 illos

76 5106 190 5166 brucho
205 5127 334 5184 expanso
353 5116 382 5168 et
405 5111 532 5168 avolanti
548 5112 561 5167 ‘i
576 5110 717 5168 Collaado
729 5111 908 5169 inomnibus

75 5202 178 5254 sancto
193 5199 326 5269 spiritui,
340 5199 410 5272 quia
424 5216 582 5274 congruam
598 5199 656 5256 illis
677 5199 906 5257 similitudinem

74 5285 198 5342 invenit.
215 5287 343 5362 Exempli
369 5289 482 5361 gratia:
501 5289 663 5346 alexander
677 5293 801 5361 Magnus
817 5290 907 5361 cujus

76 5389 203 5446 regnum
215 5379 292 5447 apud
304 5377 476 5450 prophetam
486 5378 569 5434 iobel
581 5394 632 5451 per
643 5378 788 5434 bruchum
800 5377 905 5434 intelli·

74 5465 176 5540 gimus
189 5467 276 5538 (icet.
301 5469 331 5542 1),
357 5469 475 5542 quando
500 5470 559 5526 lere
575 5485 668 5542 usque
684 5468 807 5525 adfines
822 5478 906 5526 terra

74 5573 142 5618 sess
165 5559 376 5636 magnificavit,
397 5565 497 5635 natus,
522 5567 555 5620 at
571 5549 725 5633 lentanda
739 5561 853 5621 incesta
868 5578 905 5620 ex

964 4926 1053 4992 sol,et
1064 4926 1181 4982 locuste
1197 4929 1385 4994 avolaverunt,
1402 4930 1472 5002 quia
1486 4928 1631 5002 propitius
1644 4929 1739 4985 iactus
1750 4933 1797 4985 est

965 5016 1119 5083 Dominus,
1136 5021 1165 5073 et
1180 5034 1238 5073 una
1253 5022 1335 5073 nocte
1350 5017 1445 5075 deleta
1460 5025 1530 5075 sunt
1545 5025 1642 5076 castra
1658 5020 1796 5094 Assyrio·

965 5121 1029 5160 rum
1046 5108 1163 5161 centum
1189 5105 1336 5177 octoginta
1360 5107 1492 5179 quinque
1519 5107 1612 5165 millia
1636 5108 1795 5166 bominum

964 5195 1015 5256 iii'
1026 5195 1090 5264 lup.
1108 5194 1200 5267 urin).
1217 5194 1319 5251 Nonne
1334 5196 1471 5253 volociter
1485 5198 1666 5255 auolanernnt
1683 5200 1798 5256 locuste

963 5284 1122 5358 eJusmodi,
1138 5289 1164 5341 et
1187 5301 1241 5342 non
1267 5289 1307 5342 est
1326 5290 1452 5360 copnilus
1467 5289 1541 5345 iocus
1557 5306 1654 5347 earnm
1672 5286 1720 5344 nli
1732 5292 1794 5360 iuc-

964 5377 1022 5431 rint
1033 5373 1100 5430 istc
1111 5375 1207 5431 omnis
1219 5377 1422 5450 multiplicitas
1432 5379 1491 5437 sive
1506 5378 1793 5453 congregatio,quem

966 5465 1090 5534 dixerat,
1114 5481 1281 5539 concrepare
1306 5477 1338 5523 ul
1357 5469 1486 5538 iruclrus,
1502 5467 1736 5543 multiplicarent
1756 5465 1793 5521 lo-

962 5558 1050 5623 custa,
1062 5553 1318 5615 velocitertranait
1328 5563 1357 5615 et
1366 5559 1568 5631 pertransibit,
1576 5555 1793 5631 permanebunt
