3826 6014
48 220 110 282 2ιῖ

396 214 602 280 coulltttt'r.
624 213 665 276 ttt
686 213 740 276 ΧΠ
760 213 904 277 PROPH.
927 214 1012 278 llltt.
1035 249 1075 265 —·
1095 218 1139 281 ΙΝ
1160 218 1266 282 loen.
1289 220 1366 282 tte.
1390 219 1414 281 i.

1697 218 1757 282 218

50 361 153 420 torris,
166 373 179 406 s
193 357 222 409 et
234 352 295 408 hee
309 350 409 424 ulique
419 350 699 423 perconroesionem
711 349 792 415 dicit,
809 349 877 421 quia
892 351 920 420 A
934 367 1000 407 cum
1017 354 1171 428 subjungit
1185 371 1192 411 :
1205 378 1218 403 ιι
1233 355 1319 421 Ouxioi
1334 355 1435 408 hortus
1446 316 1603 423 volontatis
1620 362 1696 409 terra
1709 372 1759 410 co-

53 445 99 500 sic
112 448 229 515 opertet
243 444 369 497 evenire.
382 440 415 496 Et
427 446 503 496 recte
520 442 566 496 liis
581 440 647 496 illos
658 438 786 512 appellat
803 465 813 489 ι
832 444 882 494 bu·

57 534 205 589 bilaterrs
229 536 322 589 terra.
341 550 354 577 o
369 531 418 602 qui
437 531 583 585 christum
601 531 780 592 occiderunt.
800 530 883 600 quasi

61 629 184 695 prripter
199 620 409 676 habitotionem
427 616 521 683 terrae.
537 619 613 674 siret
627 620 740 675 dixerat
760 620 886 692 ipseper

60 712 283 768 psalmistam·
296 709 328 764 Et
340 709 367 763 in
382 709 533 763 iracundia
542 718 635 773 terre,
644 707 886 779 loquentrsdulos

57 802 231 871 cogitabant
246 798 333 870 (tuot.
350 803 455 865 xxxiv),
473 820 487 846 o
500 796 631 852 videlicet
651 814 717 853 eum
743 797 885 863 dicerent,

56 918 72 947 ι
88 895 115 949 si
131 894 314 947 dimittimus
342 908 408 948 eum
429 891 483 956 sie,
501 907 603 946 omnes
626 891 745 946 credent
761 889 789 944 iu
806 905 886 955 reum,

56 991 86 1043 et
102 986 221 1040 reniret
239 982 376 1043 Ronlani.
389 987 418 1038 et
434 981 537 1037 tollent
554 986 686 1037 oestrum
702 985 732 1038 el
747 979 843 1037 lecum
858 985 887 1035 et

56 1083 177 1147 grutem
192 1074 218 1144 (l
230 1090 282 1127 en.
299 1074 351 1143 xi).
369 1095 383 1122 o
399 1079 430 1126 tt
445 1071 516 1127 illud
539 1070 657 1142 quidem
674 1070 888 1141 lempire‚sicut

53 1166 244 1234 jamdictum
260 1170 316 1231 est,
331 1163 394 1216 dies
411 1162 523 1218 llomioi
541 1162 659 1226 dicitur,
684 1169 886 1217 verumtamen

57 1257 195 1311 nondum
207 1252 427 1327 magnusquod
438 1260 552 1307 tantum
564 1254 600 1307 de
612 1251 715 1307 ultimo
724 1250 887 1322 dirjudicii

59 1354 137 1409 colet
152 1353 221 1413 dici.
237 1352 486 1425 quemadmodum
503 1364 531 1407 et
543 1350 590 1406 bic
607 1353 747 1421 propbeta
763 1356 888 1420 postme-

59 1442 147 1509 dum,
166 1465 177 1485 ·
195 1452 366 1512 autequam,
383 1439 489 1510 inquit,
506 1443 597 1495 veniat
616 1440 679 1494 dies
695 1437 807 1494 Domini
826 1454 889 1492 ma·

60 1547 140 1605 gous
155 1538 185 1585 et
197 1529 359 1598 horribilis,
372 1554 382 1577 ·
402 1529 537 1585 tenebras
552 1537 581 1584 et
595 1527 762 1600 caliginem,
780 1527 887 1583 nubem

60 1630 90 1679 et
104 1621 253 1675 turbinem
271 1618 433 1682 inmediri,
455 1633 541 1688 cujus
557 1619 671 1674 cunctis
687 1617 807 1673 vocibus
825 1635 887 1673 mu·

939 459 998 496 ram
1016 459 1059 508 eo.
1076 449 1104 500 el
1120 451 1184 516 post
1199 461 1265 498 eum
1283 444 1410 498 solitudo
1421 443 1537 507 «tasoni,
1552 460 1643 515 oeque
1654 452 1699 497 est
1710 442 1759 514 qui

938 532 1059 605 cllugiat
1071 551 1150 589 euru.
1169 556 1183 582 a
1201 539 1232 587 ut
1248 540 1292 589 ret
1315 549 1420 589 seo-us
1437 550 1444 588 :
1467 532 1539 587 Cum
1556 532 1666 588 veniret
1681 549 1759 587 exer·

938 624 1014 677 uitus
1030 622 1156 689 hostilis,
1176 623 1242 679 talis
1257 630 1319 677 erut
1333 640 1411 695 rrgm
1435 640 1533 678 curtim
1558 624 1616 684 illu.
1634 623 1696 677 sive
1712 620 1762 677 illa

937 718 1016 768 terra
1028 712 1244 779 urentissionie;
1258 735 1272 761 ιι
1292 713 1376 784 quasi
1394 711 1674 782 bortusvuluptatia,
1688 734 1701 760 o
1719 710 1759 764 vi·

938 803 1044 858 delicet
1064 802 1180 866 vinetia,
1198 801 1333 873 puloietis
1348 818 1363 855 a
1377 801 1570 873 queminus,
1587 801 1760 872 tuterisque

939 892 1051 946 corruite
1061 891 1330 947 arboribusdivrrai
1339 909 1454 963 grimmo
1468 898 1493 947 et
1504 899 1638 953 urerer-ea
1650 891 1760 961 templu

940 981 1152 1051 augustissimo
1169 980 1378 1053 itiaigtiita,quo
1389 1000 1403 1033 n
1420 979 1459 1034 tul
1474 981 1624 1052 pulchrius
1637 987 1684 1032 aut
1698 996 1760 1048 giu·

940 1072 1048 1126 riusiue
1058 1088 1084 1125 io
1096 1073 1206 1126 muodo
1217 1078 1295 1125 esset
1307 1073 1589 1142 putataeuommem
1602 1069 1763 1125 victordie·

940 1170 1065 1238 cederet,
1082 1172 1108 1223 id
1133 1175 1177 1225 cet
1191 1169 1336 1226 exereitus
1352 1169 1418 1224 talis
1435 1176 1499 1238 noel
1515 1187 1581 1224 eum
1609 1170 1761 1232 reiuuneit,

941 1285 954 1312 ιι
972 1271 1004 1317 ut
1026 1263 1152 1318 solitudo
1176 1262 1295 1327 deserti,
1311 1284 1325 1310 o
1340 1266 1503 1316 secundum
1535 1261 1619 1314 rerba
1649 1259 1761 1314 oonmt

941 1354 1058 1407 llueous
1073 1367 1161 1423 super
1176 1351 1352 1406 Hierusalem
1365 1357 1394 1405 et
1409 1349 1533 1406 dicentis
1546 1365 1552 1405 τ
1567 1373 1577 1395 ι
1593 1350 1664 1410 Quia
1681 1351 1704 1401 ri
1717 1364 1762 1403 co·

941 1443 1092 1514 guoriseea
1107 1446 1136 1496 et
1151 1449 1193 1510 tu,
1208 1449 1236 1496 et
1252 1445 1369 1512 qualem
1388 1446 1414 1495 lo
1433 1445 1486 1497 bae
1502 1442 1559 1503 dtr,
1576 1455 1639 1510 qum
1655 1439 1690 1493 ud
1710 1455 1759 1510 pa·

941 1547 1004 1586 cem
1021 1530 1084 1586 utu!
1097 1527 1761 1585 Nuocautemabsconditus-untnboculistuis.

941 1621 1014 1687 Quia
1029 1621 1143 1675 venient
1159 1621 1220 1674 dies
1236 1619 1304 1675 inte
1319 1628 1347 1674 et
1361 1623 1584 1674 circumdabunt
1598 1620 1763 1676 teu-icono-

58 1710 186 1784 gnitudu
202 1710 355 1782 granditer
367 1707 560 1773 declamatur,
572 1716 701 1764 ventura
712 1706 889 1763 calamitatis
906 1716 1092 1789 ggustnbunt
1109 1719 1136 1768 te
1149 1714 1279 1784 nudique
1292 1737 1300 1780 ς
1311 1721 1336 1768 et
1353 1713 1388 1768 ad
1403 1721 1509 1767 terram
1524 1715 1761 1784 prosternentur,

60 1815 175 1857 maroa
191 1800 230 1854 rei
244 1798 542 1869 comparcotcrodo.
555 1821 569 1847 ιι
581 1799 663 1869 quasi
683 1815 762 1854 mare
777 1814 884 1867 expati-

58 1905 127 1944 sum
146 1904 235 1959 super
251 1897 377 1943 montes.
390 1908 404 1936 o
420 1887 494 1951 Quid
510 1888 588 1943 euim
603 1887 700 1959 majos
714 1888 774 1942 aive
790 1884 888 1940 lurori-

60 1977 193 2034 debilius
209 1979 237 2033 in
254 1978 310 2033 hoo
322 1980 430 2032 muodo
446 1984 512 2033 ante
526 1979 614 2032 linem
631 1979 696 2048 ejus
709 1975 824 2031 evenire
839 1991 888 2046 po·

60 2075 131 2134 test,
147 2066 277 2139 quamsi
292 2065 476 2139 expandetur
486 2083 565 2123 orere
575 2083 664 2138 super
676 2073 800 2128 orontes.
810 2064 888 2120 sieut

60 2156 91 2213 in
107 2156 219 2212 itiluvio
229 2162 339 2212 tactum
352 2156 420 2212 esti
433 2159 482 2212 Est
492 2173 562 2229 ergo
577 2173 683 2212 sensus
693 2172 703 2212 .·
714 2156 795 2210 Sicut
806 2155 834 2211 iu
847 2153 889 2208 di·

60 2247 141 2302 luvio
158 2263 214 2303 uon
235 2264 327 2321 magis
345 2256 533 2304 montensem
551 2246 829 2303 llurtibuseximeru
842 2262 889 2317 uo·

61 2340 187 2391 luerunt
201 2351 289 2408 quam
307 2336 406 2406 valles,
416 2340 455 2392 tte
471 2336 499 2392 in
517 2336 566 2391 illu
579 2335 709 2391 Romame
721 2332 887 2392 multitudi-

64 2438 111 2490 nis
136 2435 179 2492 rei
197 2436 376 2492 tortitudinis
392 2436 583 2493 ioumiutiooa
598 2453 653 2492 non
665 2436 760 2508 magis
771 2433 888 2507 superbi

64 2528 215 2600 principes
231 2529 415 2584 sacerdotum
433 2528 551 2583 sibimet
565 2528 719 2583 consulere
733 2525 890 2597 quiverunt

62 2634 150 2688 quun
169 2619 267 2690 exigui
283 2621 393 2690 quique
409 2618 469 2673 sive
489 2615 654 2689 pupillares.
672 2622 703 2669 bt
719 2618 783 2670 vole
798 2629 888 2686 quam

61 2724 196 2779 congrua
217 2708 397 2778 conmutatio
412 2710 455 2763 rel
482 2703 646 2764 siiuilitudo
676 2705 727 2761 sit.
750 2703 891 2777 Sequitur

62 2798 139 2853 euim
154 2812 188 2856 :u
200 2797 328 2869 Populus
342 2799 489 2854 multuset
500 2797 593 2863 tortia,
609 2795 750 2851 similisei
764 2812 822 2849 ouo
835 2794 891 2848 luit

65 2888 253 2961 scrinulum,
269 2904 293 2944 et
313 2896 377 2962 post
405 2906 472 2946 eum
490 2906 547 2945 non
563 2889 619 2944 erit
642 2886 779 2961 usquein
796 2902 890 2941 nonos

64 2979 264 3050 generationis
280 2985 308 3035 ct
319 2979 527 3052 generationis.
544 3002 557 3029 u
569 2979 704 3052 congrue
717 2993 845 3049 eantque
855 2976 893 3031 si·

939 1813 968 1861 et
985 1803 1121 1874 illiusqui
1136 1805 1201 1857 inte
1218 1810 1296 1867 eunt,
1312 1807 1345 1858 ui
1361 1820 1416 1856 mm
1433 1800 1636 1872 relinquentur
1649 1800 1763 1868 telept-

939 1894 1004 1949 dem
1022 1909 1111 1962 euprr
1126 1889 1304 1961 temlerum
1319 1893 1395 1963 quud
1410 1908 1465 1947 ιιοιι
1476 1888 1762 1960 cognovistitemptts

939 1982 1116 2038 visitationis
1133 1981 1270 2041 tumebat.
1286 1984 1344 2053 xit)
1374 2003 1388 2029 o
1401 2011 1430 2021 ·-
1445 2004 1458 2029 ιι
1477 1979 1693 2046 delineatum,
1710 1980 1760 2043 eit,

940 2081 1123 2145 prosternent
1134 2072 1183 2144 qui
1202 2073 1229 2127 io
1243 2078 1356 2134 leserit,
1374 2094 1389 2120 a
1402 2071 1536 2126 videlicet
1551 2071 1589 2124 ita
1607 2077 1638 2124 ut
1655 2084 1710 2123 non
1723 2068 1763 2121 eit

939 2173 988 2243 qui
1004 2174 1134 2245 cllugiat.
1148 2171 1400 2244 quemadmodum
1418 2171 1464 2227 bie
1480 2186 1545 2224 rum
1563 2170 1579 2222 d
1594 2169 1696 2235 nisset,
1711 2169 1763 2221 «ct

941 2253 1762 2334 pusirumsottiudooeerrti,›oulmrnrtnioequueuqut

940 2351 1060 2423 ellugiot
1074 2368 1153 2407 curri.
1171 2374 1185 2401 a
1200 2349 1422 2423 Nullusquipue
1436 2366 1470 2403 ex
1481 2354 1561 2402 tenta
1574 2346 1763 2401 multitudine

942 2461 1005 2515 ques
1019 2445 1198 2498 dinumerari
1217 2461 1272 2498 noo
1288 2450 1400 2514 perteret
1415 2441 1552 2509 rllugiese
1564 2436 1763 2506 ternumque

944 2537 1018 2590 l'ume
1033 2543 1062 2589 rt
1076 2534 1174 2607 gladio
1192 2533 1433 2605 perir-cottoriset
1448 2532 1538 2593 intus.
1556 2537 1585 2583 et
1598 2527 1646 2598 qui
1660 2525 1766 2595 reliqui

942 2642 1006 2680 esse
1022 2625 1222 2695 polomorum
1239 2624 1435 2691 captivitatum
1452 2623 1639 2674 ducerentur.
1663 2615 1765 2670 Adbuc
1855 2616 1864 2637 ¹

942 2712 978 2771 de
995 2713 1164 2770 fortitudine
1180 2713 1278 2786 poouli
1295 2720 1353 2767 tam
1378 2709 1470 2766 inulto
1485 2707 1579 2779 grand
1593 2710 1684 2760 seluto
1699 2705 1764 2774 ejus

944 2821 1042 2860 aimus
1059 2805 1188 2876 loquitor
1212 2827 1221 2850 ·
1235 2801 1322 2868 Quasi
1334 2814 1618 2873 aspeciriscquorum
1629 2801 1765 2866 uenio-tus

943 2910 1056 2953 eorum.
1073 2899 1101 2948 et
1116 2892 1201 2965 quusi
1216 2892 1329 2962 equites
1345 2905 1387 2944 ste
1408 2894 1536 2943 curreut.
1554 2885 1635 2940 Sicut
1650 2883 1765 2938 sonitus

944 2981 1152 3056 quadrigarum
1170 2998 1259 3050 super
1269 2978 1365 3051 eapite
1378 2980 1519 3032 orontium
1535 2972 1766 3030 exsilientsicut

64 3070 199 3124 mititudo
214 3076 261 3124 est
277 3067 367 3125 maria
389 3075 417 3124 ct
446 3070 544 3142 populi
574 3069 694 3124 ltomani
726 3071 783 3121 tum
802 3063 924 3157 mellic
944 3062 1766 3144 sonitusilarionisignis·decorantisstipulatn,vrlutpti·

63 3164 159 3214 ettam
178 3159 273 3217 touls.
290 3160 340 3231 qui
357 3159 509 3214 universus
527 3160 585 3214 iere
601 3158 772 3213 orbisterrre
791 3155 885 3209 notio·
946 3164 1032 3235 pulos
1061 3163 1145 3217 lbrtis
1164 3173 1342 3234 properatus
1355 3162 1390 3214 ιιιι
1409 3157 1550 3227 prulleio.
1566 3159 1587 3210 Α
1606 3154 1677 3206 tocie
1702 3150 1768 3222 ejus

66 3265 113 3303 nee
123 3247 320 3304 multomttoe
330 3249 455 3320 operuit.
470 3247 640 3304 tortitudine
652 3244 890 3309 cunvulail,rnore

65 3336 208 3394 ductuum
228 3340 291 3394 iens
305 3347 334 3395 et
350 3338 476 3402 rediens.
486 3344 514 3393 sl
530 3349 629 3393 contra
648 3344 761 3391 miratae
775 3333 890 3389 univer·

65 3452 111 3492 sos
121 3438 328 3493 intumescens
342 3452 452 3509 eosque
462 3435 608 3509 operiens,
621 3437 648 3491 id
658 3439 704 3490 est
714 3438 836 3489 cunctos
849 3446 890 3487 re·

67 3543 114 3599 ges
126 3530 171 3582 rel
190 3543 280 3598 regna
295 3527 426 3599 gentium
440 3528 503 3582 auis
513 3524 624 3581 viribus
634 3521 890 3596 opprimensiluie

67 3617 208 3671 nimirum
225 3638 240 3666 ιι
253 3622 361 3688 pupirto
378 3614 484 3670 similis
501 3632 557 3670 oon
571 3614 624 3669 l'uit
637 3618 673 3669 eb
687 3612 814 3672 initie.et
827 3616 892 3684 pest

66 3720 131 3760 cum
149 3722 207 3760 non
223 3706 279 3758 crit
294 3721 385 3777 usque
400 3702 429 3759 in
441 3720 535 3760 crines
551 3703 747 3776 generationis
762 3707 791 3756 et
806 3716 891 3768 gene·

67 3794 201 3850 rationis.
218 3815 233 3843 ιι
250 3792 351 3849 Daniel
366 3808 494 3866 quoquc.
511 3799 543 3847 ul
558 3809 648 3864 supra
664 3793 774 3847 dictum
790 3796 891 3850 estat·

67 3888 197 3939 testante
215 3884 252 3938 rlr
269 3883 362 3938 bestia
387 3899 490 3954 quarm
507 3898 566 3954 qua
595 3880 760 3936 Romanum
777 3879 890 3951 ligura·

68 3975 154 4031 buter
168 3974 343 4046 imperium.
358 3972 429 4045 quia
446 3998 456 4018 ·
475 3970 546 4028 dissi
562 3971 628 4027 uilis
642 3970 827 4026 eruti-atteris
840 3968 890 4024 bs·

67 4064 131 4119 stirs
152 4065 236 4137 (deo.
254 4069 316 4132 ιιι),
334 4085 347 4112 o
362 4062 494 4119 videlicet
523 4061 630 4129 trente,
647 4077 716 4117 urso
743 4066 771 4116 et
788 4060 889 4132 perdo,

66 4152 840 4227 ouibusregnaprecedentiasicriillcabuntur.sllote
852 4154 890 4206 ia·

67 4261 138 4300 crem
152 4248 228 4315 ejus.
242 4245 269 4299 io
282 4245 427 4315 mitignis
438 4260 555 4302 vorans.
571 4253 596 4298 et
613 4256 677 4316 poet
686 4258 753 4298 eum
764 4258 889 4298 exurens

68 4325 198 4391 ssaoto'ia.
214 4358 227 4382 ·
247 4333 305 4390 Hoc
320 4341 351 4388 ut
371 4333 489 4399 dicitur,
506 4335 546 4390 ita
567 4333 673 4389 iactum
686 4349 751 4389 osse
766 4332 891 4404 tegumi-

943 3254 1153 3308 crociabuolur
1173 3251 1282 3322 pileoli,
1299 3265 1401 3305 ournes
1430 3248 1526 3300 vttltue
1542 3244 1712 3315 redigentur
1734 3242 1764 3295 in

942 3352 1040 3410 ullam.
1057 3353 1132 3407 Sicut
1152 3355 1239 3405 t'ortes
1252 3357 1381 3416 current,
1397 3353 1427 3403 rt
1441 3346 1525 3419 quasi
1542 3343 1594 3400 viri
1607 3342 1763 3397 bellatores

942 3443 1102 3498 ascendent
1118 3457 1246 3496 murum.
1263 3437 1322 3492 Vui
1341 3456 1368 3492 m
1388 3437 1442 3491 viia
1458 3437 1518 3489 suis
1534 3438 1715 3504 gradientur,
1736 3433 1765 3484 et

943 3550 999 3588 noo
1014 3531 1236 3587 declinabootu
1263 3529 1376 3585 semitis
1392 3527 1465 3582 suis.
1482 3523 1689 3594 Unusquisque
1707 3530 1765 3572 tre-

941 3626 1015 3677 trem
1031 3636 1119 3676 suum
1133 3637 1189 3675 non
1204 3617 1374 3684 coarctabit,
1386 3612 1494 3685 singuli
1510 3612 1539 3667 io
1556 3612 1764 3665 callueuoem·

942 3712 1097 3767 bulabunt.
1113 3711 1167 3766 sed
1184 3716 1213 3764 rt
1225 3725 1275 3780 per
1290 3711 1432 3762 l'eoestres
1443 3706 1654 3765 retroneum
1667 3699 1764 3752 demo·

943 3801 1062 3857 liuntur.
1075 3798 1180 3857 Urbem
1198 3798 1408 3871 ingredientur,
1419 3794 1447 3848 io
1460 3808 1543 3846 muro
1557 3786 1762 3844 corrucotlle·

943 3907 1007 3946 roos
1022 3890 1230 3954 conscendent,
1256 3904 1306 3956 err
1322 3887 1466 3941 fenestras
1496 3881 1647 3936 intrati-eut
1676 3874 1761 3947 quasi

943 3978 1242 4036 recommemorent
1254 3972 1531 4047 atquevrlocilatem
1545 3975 1602 4022 tum
1617 3964 1700 4020 multi
1712 3980 1762 4035 po·

942 4070 1001 4143 puli
1020 4069 1155 4125 brevium
1169 4075 1198 4123 et
1227 4066 1359 4123 celeriter
1373 4061 1561 4120 currentibus
1590 4055 1763 4111 ‹teclauout

942 4146 1762 4230 sententiis.Orrgoeeoeeethabitatoresterro·‚quibus

941 4250 971 4306 in
987 4248 1104 4305 exordio
1117 4250 1239 4313 dixerat,
1256 4267 1270 4297 ιι
1287 4246 1387 4300 aedito
1403 4245 1472 4307 buo,
1489 4249 1518 4296 et
1533 4240 1655 4293 auribus
1671 4252 1764 4306 perci·

942 4338 1001 4412 pite
1016 4354 1150 4402 ornnem·
1166 4336 1300 4409 quamius
1314 4350 1445 4392 erucam,
1463 4327 1763 4395 locustauqtrrueium

69 4425 123 4479 it¹¹⁸
137 4425 284 4481 0¹¹²i¹ii⁰¹¹¹
303 4423 374 4478 iilud
393 4424 668 4496 ΙΙιθΓῦὃῡῑΥῐιιθιῑῑῐῦι
682 4422 808 4493 1⁰⁴0ltb0
825 4438 891 4477 ¹¹³¹*-
907 4456 930 4524 ὓ
945 4435 974 4484 et
988 4427 1152 4498 rubiginem
1164 4424 1368 4484 nominaverit.
1381 4438 1416 4476 ue
1432 4418 1620 4476 sutisuooetis
1631 4416 1715 4484 quusi
1727 4414 1762 4467 ad

69 4528 159 4578 rante.
178 4514 242 4570 luce
256 4515 364 4569 clarius
379 4521 433 4570 est.
444 4512 516 4570 Nam
533 4520 561 4569 et
576 4514 890 4585 antequamcivitutem

72 4612 222 4670 Rullianus
237 4613 433 4669 circumdaret
442 4611 735 4684 exercitus,ipsiquio
746 4612 830 4684 quusi
839 4627 891 4684 pro

69 4704 238 4760 ostensione
253 4706 369 4758 luerent
385 4701 667 4774 introductitripliet
680 4700 828 4757 discordia
840 4703 890 4758 de·

70 4793 245 4850 bacchantes
260 4792 350 4862 iotus,
365 4797 395 4848 et
412 4791 536 4848 aedilicia
550 4790 688 4859 civitatis,
704 4796 734 4847 et
750 4790 891 4862 plurimos

70 4884 424 4957 sumptus‚qultliuturno
437 4882 714 4954 poteraotsulllcere
726 4880 890 4941 liellomul·

70 4975 107 5028 tis
116 4979 364 5046 eliorumpserunl
373 4971 558 5039 ineruditum
569 4975 724 5043 postquam
736 4969 835 5026 hostes
846 4969 890 5024 in·

69 5065 159 5136 gressi
173 5064 379 5119 suutvictoree
395 5063 474 5125 victi.
491 5077 585 5135 oeque
599 5064 634 5118 ed
651 5067 889 5117 consummatum

70 5155 176 5209 exitum
195 5153 329 5216 re'brtlre.
344 5156 436 5209 donec
450 5160 478 5208 et
488 5151 640 5217 Terriutum
651 5158 679 5207 et
689 5150 891 5224 quidquirlsu·

71 5241 890 5313 gereretiutraniomiemiseroscicitatiecoocremaretur‚

69 5331 161 5389 lurore
175 5332 345 5388 incredibili
357 5331 773 5404 perstitereatmiserantibu-
786 5337 814 5386 at
826 5347 890 5400 par·

71 5439 132 5479 cere
147 5424 317 5505 colentibus
336 5422 524 5478 adi-creariis.
538 5420 640 5485 eralis
653 5429 719 5476 ente
733 5423 891 5476 :triventum

71 5513 247 5599 ρορυιιὴιιιιιι
263 5506 348 5593 tortia
361 5513 490 5587 regionis
501 5513 588 5568 iacies
602 5510 892 5583 exstiterinetqualic

72 5619 120 5677 per
133 5604 297 5663 advectum
325 5602 392 5677 ejus
420 5603 588 5675 stertuit,
604 5600 731 5660 breviter
743 5599 890 5676 exprimit,

946 4515 1062 4571 vilescet
1079 4531 1182 4588 pervus
1211 4531 1257 4569 res
1270 4521 1368 4567 oratur
1387 4510 1442 4565 iste
1458 4509 1554 4578 iurpte
1575 4522 1623 4561 voe
1638 4512 1765 4559 altentoe

946 4603 1277 4677 iecerit.quiariimiru1n
1294 4617 1386 4658 eruce
1405 4598 1467 4654 iste
1481 4597 1678 4653 sivelucustte.
1695 4594 1764 4649 bru·

944 4695 1019 4752 chus
1045 4695 1092 4750 bic
1114 4694 1174 4750 sive
1202 4693 1306 4763 rubigo
1322 4692 1388 4754 iata,
1404 4687 1487 4745 vobis
1507 4703 1564 4742 ooo
1596 4701 1688 4756 parra
1718 4697 1763 4738 rea

944 4798 997 4843 aut
1010 4785 1164 4842 vermiculi
1189 4789 1260 4838 suot
1284 4782 1366 4841 viles.
1383 4778 1546 4852 quamlibet
1573 4776 1650 4846 apud
1677 4771 1765 4830 etale-

945 4882 1019 4933 stem
1036 4874 1237 4931 tortitudinem
1266 4886 1423 4942 regnorum
1439 4867 1570 4926 omnium
1592 4867 1655 4921 vani
1673 4864 1769 4920 homi·

946 4983 999 5023 nes
1015 4971 1132 5040 propter
1145 4978 1230 5019 suam
1258 4960 1414 5016 vanitatem
1442 4958 1502 5014 sint
1523 4952 1767 5027 contemptibiles.

948 5057 1036 5113 Vobis
1059 5056 1137 5110 enim
1177 5052 1310 5108 btioiioes
1349 5051 1384 5105 de
1419 5047 1526 5121 quibus
1562 5046 1669 5119 agitur.
1708 5044 1768 5101 iulo

945 5155 1047 5203 contra
1075 5161 1127 5201 ves
1156 5143 1208 5198 viri
1244 5144 1344 5207 fortes,
1376 5140 1428 5193 viri
1458 5141 1570 5194 voloces
1599 5143 1678 5192 ιιιιιι.
1709 5134 1765 5190 Nu·

947 5235 1068 5292 mium-it
1092 5233 1208 5305 quidam
1235 5231 1363 5286 lucustas
1389 5235 1419 5284 st
1446 5237 1549 5283 retem
1583 5224 1765 5296 biijusmodi.

946 5327 995 5382 sed
1025 5324 1227 5380 nibilomiruua
1252 5323 1341 5377 iortee
1369 5326 1456 5390 atque
1474 5322 1675 5373 veloceeeoul.
1707 5319 1766 5370 lloc

945 5420 989 5471 est
1013 5415 1090 5486 quud
1115 5412 1155 5467 ait
1172 5427 1179 5467 :
1199 5433 1213 5461 ιι
1228 5411 1315 5477 Quasi
1341 5420 1477 5481 aspectus
1502 5424 1655 5480 equorum,
1681 5420 1765 5469 asee-

946 5516 1011 5564 ctus
1026 5522 1125 5562 eurum
1143 5510 1196 5572 ‚et
1213 5502 1298 5575 quasi
1323 5502 1437 5575 equites
1453 5516 1495 5557 arc
1517 5509 1644 5554 currem.
1662 5518 1676 5545 ι
1691 5493 1764 5549 Nem
1846 5538 1848 5542 a

945 5598 976 5656 ic
1004 5596 1090 5670 equis
1111 5594 1185 5655 elio
1201 5594 1349 5667 equitibus
1376 5591 1516 5650 tortitudo
1549 5585 1690 5646 simulet
1717 5600 1765 5643 ve·
1805 5656 1809 5661 Ι
