3826 6014
92 192 170 255 ffld
286 186 289 192 ’
634 188 809 254 nonsart
830 186 1002 249 ABBATIS
1025 181 1266 254 rutilantem.
1725 186 1799 252 {576

92 323 208 380 testatis
224 339 294 381 ense
309 326 357 381 diu
368 326 522 396 pendente,
539 343 619 397 spem
633 331 719 398 atque
729 323 842 381 veniam
856 324 913 379 reis
929 327 958 391 A
972 323 1041 380 ham
1057 327 1219 394 conlirmat,
1231 328 1281 401 qni
1294 326 1426 383 reterens
1436 325 1464 381 in
1476 323 1587 399 gremio
1599 340 1654 379 suo
1667 322 1795 379 animam

94 413 178 469 oliert
194 416 296 470 mortis
313 414 423 470 dilutio.
441 417 491 471 Est
504 416 549 471 hic
561 415 732 487 gladiusbis
745 420 851 470 acutus
864 412 916 484 qui
971 416 1077 482 Lazari,
1093 417 1210 474 divitem
1227 417 1375 491 sepultum
1398 416 1427 471 in
1453 417 1566 471 interno
1589 413 1716 469 liberare
1740 430 1793 469 noa

96 504 271 575 proceditab
284 521 332 559 one
346 504 470 573 Domini,
482 506 558 561 sicul
569 505 599 562 in
610 502 917 578 Apocalypsiioannis
969 505 1071 575 potuit.
1089 507 1124 562 at
1139 508 1211 562 dixit
1226 523 1326 579 quare.
1344 505 1505 575 Recordare,
1522 503 1630 576 inquit,
1651 501 1705 574 oli,
1728 504 1790 574 puio

96 591 357 665 legiturldpoe.1)‚
378 594 447 665 quia
467 595 534 651 hinc
562 595 687 666 percutit
713 599 746 650 ut
770 592 917 661 moriaris,
969 595 1098 667 recepisti
1114 597 1183 653 tona
1198 596 1375 662 invitatae,
1402 599 1526 650 Lunares
1549 593 1685 649 similiter
1708 593 1789 661 meta,

97 682 314 747 Qualiteristud
327 684 384 751 liat,
401 683 917 752 mododispututEcclesiastes.0uod
969 701 1044 740 nnnc
1057 692 1150 742 antem
1164 688 1209 743 tic
1221 687 1392 755 consoletur,
1408 689 1439 741 ta
1463 700 1525 740 uero
1548 683 1690 739 eructans
1716 683 1787 754 (Luc.

96 770 242 826 sententia
260 771 371 827 Domini
389 788 446 827 non
462 771 749 844 eitopunitiniquos,
764 777 920 843 propterea
969 779 1038 841 xvi).
1054 774 1134 838 Quod
1151 793 1208 832 nou
1224 776 1263 831 sit
1277 775 1400 842 vanitas,
1429 775 1478 831 sed
1504 772 1697 842 dispensatio,
1724 765 1786 841 duis

96 859 200 930 pietate
217 860 263 914 Dei
281 859 365 914 abusi
379 859 499 914 liberius
512 867 641 932 peccunt,
655 878 728 933 quos
741 862 919 917 minimeco·
971 863 1129 935 aliquando
1146 865 1320 937 proveniunt
1335 864 1412 920 mala
1420 863 1524 935 justis,
1550 862 1680 919 ostendit
1698 862 1785 917 adhuc

96 948 917 1021 hibeltimorullus,nequecreduntcuraretteummor-
971 951 1785 1026 Dominus-lesus,incnjusorenonestinventummen·

97 1038 168 1094 talia
184 1047 292 1109 nostra,
309 1044 341 1094 ut
355 1040 458 1095 saltem
473 1039 570 1095 videat
585 1037 672 1105 mala,
689 1044 739 1093 nm
753 1040 777 1093 si
805 1041 918 1109 uiderit,
971 1044 1272 1115 daciumutnudivit,
1283 1045 1419 1115 quonlam
1433 1041 1628 1099 Pilatuslibra
1639 1046 1667 1097 et
1679 1041 1784 1112 sangui·

97 1127 148 1183 illa
165 1132 270 1199 putant
284 1129 496 1197 dissimulasse,
515 1129 652 1199 quianon
679 1129 777 1184 statim
803 1129 921 1201 iniquos
973 1149 1039 1188 nem
1050 1133 1169 1188 miscuit
1180 1133 1209 1188 in
1221 1133 1329 1204 templo
1340 1133 1535 1206 quorumdam
1548 1130 1782 1198 sacrificantium

100 1219 196 1288 punit.
213 1216 299 1273 Dedit
311 1218 456 1288 impunita
468 1217 584 1273 licentia
595 1218 721 1290 iniquos.
735 1219 920 1284 Quandoim-
972 1222 1069 1277 aiebat
1084 1223 1189 1289 turbis,
1205 1222 1338 1280 Gallinas
1354 1221 1431 1278 male
1454 1238 1544 1277 cesos
1566 1225 1612 1276 ter
1638 1236 1697 1289 sex,
1722 1236 1784 1292 quus

99 1307 203 1380 punita
212 1307 520 1380 licentiat'ecitaliquid
536 1308 673 1380 impune?
684 1309 757 1375 Quid
772 1310 811 1363 ait
822 1309 922 1364 Domi·
973 1313 1062 1368 turris
1078 1311 1156 1368 Sitne
1171 1313 1268 1384 lapsos
1281 1312 1397 1378 occidit,
1413 1328 1464 1366 voa
1480 1327 1536 1383 pree
1562 1309 1699 1366 omnibus
1726 1326 1784 1381 pec·

99 1416 155 1456 nus
171 1416 222 1471 per
236 1400 407 1472 prophetam
424 1416 510 1457 suuni
528 1400 630 1456 Isuiam
642 1401 656 1455 ‘i
669 1401 710 1456 l'ee
725 1402 817 1468 Assur,
842 1403 922 1473 uiroc
973 1418 1055 1457 casse
1073 1403 1193 1474 putatia.
1210 1403 1330 1458 Minime
1346 1405 1400 1458 hoe
1415 1401 1489 1468 dico,
1506 1401 1555 1456 sed
1566 1416 1620 1455 vos
1632 1401 1687 1455 nisi
1699 1400 1784 1455 videro

99 1489 207 1562 [aroris
224 1492 278 1544 net
290 1498 316 1545 ct
330 1490 443 1546 loculus
458 1493 516 1562 ipsc
532 1493 581 1555 esi,
597 1491 626 1546 in
640 1506 830 1545 mastrucarum
847 1490 918 1546 endi·
974 1491 1155 1563 poenituisse,
1165 1491 1464 1564 quemadmodumilli
1476 1489 1786 1563 perieruntperibitiaet

102 1581 395 1651 paeneinsulae).
413 1579 707 1651 Progredibusergo
724 1580 819 1635 meriti
836 1579 924 1635 datur
974 1597 1026 1636 ros
1050 1583 1125 1654 (Luc.
1150 1583 1220 1652 xiii).
1247 1584 1338 1648 Quam
1364 1582 1437 1638 bene
1462 1579 1612 1648 discernit,
1638 1579 1688 1651 qui
1716 1578 1786 1634 solua

101 1668 148 1724 bic
163 1669 245 1724 locas
261 1669 395 1726 nocendi.
411 1670 510 1740 Scopas
529 1687 594 1741 quas
621 1670 786 1740 pauimenta
807 1677 922 1724 verrunt
938 1682 961 1748 Β
977 1672 1057 1732 novit
1072 1673 1169 1739 corda,
1187 1672 1255 1743 quia
1268 1671 1380 1741 judicio
1392 1671 1466 1742 justi
1481 1674 1510 1725 et
1534 1667 1604 1724 mali
1628 1668 1786 1740 probentur.

101 1757 575 1829 terendoterunturitaimpnnits
592 1757 923 1829 impietusostsuprems
1014 1768 1101 1820 Vnus.
1123 1761 1347 1819 i5.-Leudun2·
1370 1762 1455 1832 {quur
1482 1758 1626 1824 tmuium,
1652 1758 1722 1830 qnod
1743 1773 1787 1813 ern

102 1845 256 1903 intimum·
276 1848 368 1902 Pietas
387 1865 451 1919 1111ae
474 1847 589 1902 indulta
613 1846 697 1902 milis
722 1847 754 1901 fil
779 1847 922 1903 1118ῙοΓοῐῦ
978 1861 1047 1912 creet
1063 1854 1172 1908 honuni
1186 1851 1286 1907 borram
1301 1850 1350 1905 snt
1365 1849 1433 1919 sole,
1448 1847 1586 1921 rriaiqnod
1600 1847 1790 1910 commercist

102 1953 202 2007 causa,
222 1938 279 1992 liaeo
296 1938 390 2009 pietus
401 1935 516 1992 indulta
528 1936 611 1992 bonis
626 1937 657 1991 lit
669 1936 810 1992 bonorum
823 1953 922 1994 causa.
980 1945 1094 2005 beteret,
1111 1947 1192 2013 ntqae
1207 1941 1350 2011 perederet,
1366 1943 1392 1995 ct
1406 1939 1456 1993 troc
1468 1939 1556 1993 solam
1572 1953 1666 1993 secam
1679 1938 1791 2007 aresceret

103 2025 159 2082 Res
178 2026 255 2082 enim
272 2031 418 2082 creausus
434 2027 603 2081 discernens
621 2024 819 2092 ecclesiastes,
836 2043 923 2097 areu·
978 2036 1011 2090 αθ
1027 2035 1121 2090 lanne
1143 2048 1190 2088 sno
1214 2036 1243 2087 en
1263 2030 1358 2086 renuas
1383 2029 1446 2085 vien
1469 2043 1538 2095 aaa,
1566 2043 1634 2100 qnos
1660 2026 1730 2082 nean
1753 2024 1792 2081 stu·

104 2122 254 2173 mentutur
268 2134 352 2187 super
363 2117 416 2172 huc
427 2116 544 2172 Domini
554 2117 672 2188 pietate,
684 2117 769 2187 cujus
781 2118 924 2173 sententia
979 2126 1049 2180 Deus
1069 2123 1119 2177 suli
1133 2122 1199 2177 sole.
1216 2120 1302 2188 Cuid,
1318 2135 1428 2192 quesn,
1454 2117 1549 2173 dicere
1565 2116 1713 2187 possum?
1734 2115 1792 2171 Cre·

102 2207 203 2263 tandiu
220 2208 309 2262 diluta
325 2209 440 2280 pendet.
458 2209 485 2264 Si
504 2207 866 2280 malapeecatoriscenties
880 2212 923 2266 in·
979 2216 1086 2270 dumne
1097 2212 1174 2283 quod
1186 2226 1258 2265 veno
1270 2214 1383 2280 pectore
1395 2223 1499 2262 vanam
1507 2205 1640 2261 letitiam
1650 2206 1734 2261 toties
1743 2204 1794 2259 lau·

103 2295 278 2366 gemmantis
294 2296 370 2353 ultro
386 2298 528 2363 dilicrtur,
546 2303 578 2354 ut
592 2297 617 2353 ei
633 2298 718 2354 detur
732 2314 798 2369 apres
822 2299 923 2370 veniae,
980 2302 1092 2360 daverit
1102 2299 1290 2356 Ecclesiastes
1300 2299 1314 2354 t
1325 2298 1421 2354 Hocne
1432 2297 1506 2352 bono
1519 2300 1635 2351 tantum
1647 2294 1793 2351 noseredi-

104 2400 138 2440 cx
154 2387 208 2441 troc
225 2387 353 2457 cognovi.
367 2388 443 2459 quod
456 2389 544 2443 uenia
560 2404 641 2460 spem
654 2396 800 2445 mereatur
812 2389 861 2460 uiri
873 2389 925 2445 Do·
982 2389 1215 2448 ditbestitlcandi
1228 2389 1251 2443 si
1263 2383 1795 2456 tantummododelicienturcorporeis

106 2475 218 2530 minum
237 2476 366 2532 timendo
381 2478 459 2534 ano
486 2479 550 2548 ejus
573 2479 675 2534 taciem
702 2484 856 2544 reveretur,
879 2478 924 2534 vel
979 2473 1795 2556 epulis‘iSedDominusiesusveraciorEcelesiuste,illos

107 2568 332 2637 110¹1l³⁰⁰⁰t¹t¹d02
349 2566 391 2622 Vel
408 2567 577 2623 redimendo
593 2576 754 2639 peccalum·
779 2569 821 2623 Sit
849 2569 926 2624 bonu
981 2577 1165 2645 regnaturos,
1182 2568 1247 2623 illos
1264 2567 1401 2640 predicat
1416 2582 1480 2620 esse
1496 2565 1604 2631 beatos,
1621 2581 1697 2636 quos
1711 2563 1796 2619 liicdi·

104 2671 171 2726 ⁸p⁰³
186 2654 282 2721 imnis·
298 2655 418 2711 &fertur
433 2672 499 2727 ³90⁸
515 2661 544 2712 el
560 2656 654 2712 mulis·
668 2657 768 2713 iustos
781 2660 927 2713 sustentat
979 2662 1082 2718 iuverit
1097 2657 1260 2732 spiritualis
1278 2656 1440 2728 pauperies,
1457 2654 1506 2725 qui
1522 2657 1599 2720 tlent,
1616 2653 1761 2713 esuriunt.
1774 2656 1798 2708 et

104 2748 345 2820 terenspatiendo
361 2753 389 2803 el
404 2746 531 2818 iniquos.
542 2752 748 2804 Verumtamen
763 2755 808 2804 est
821 2748 926 2818 aliquis
981 2751 1107 2820 piurima
1123 2748 1201 2804 mala
1217 2744 1486 2818 patiunturltintllr.
1498 2744 1535 2815 v).
1547 2742 1631 2798 Certe
1643 2743 1723 2814 quod
1734 2742 1799 2797 dixit

32 2842 37 2847 '
97 2838 257 2908 jactantior
275 2845 302 2894 et
317 2838 404 2894 veluti
421 2839 514 2906 tortis,
528 2838 601 2893 nihil
612 2840 746 2909 patiendo
759 2838 924 2906 ferens,sed
979 2841 1104 2906 Veritas,
1123 2853 1240 2893 necesse
1255 2840 1299 2891 est
1314 2841 1345 2889 ut
1359 2850 1460 2888 uerum
1477 2833 1524 2888 sit.
1541 2833 1612 2886 Sunt
1625 2832 1717 2903 igitur
1728 2831 1799 2904 gari·

102 2941 225 2998 carpens
241 2926 359 2982 sinistro
371 2944 429 2994 ore,
441 2943 507 2998 qnae
518 2925 631 2982 occulto
642 2927 753 2995 jndicio
765 2927 839 2982 Deus
850 2927 924 2999 pati·
980 2930 1053 2998 suri,
1071 2933 1099 2984 et
1112 2943 1177 2983 vere
1193 2925 1279 2990 beati,
1296 2924 1440 2996 lugentes,
1459 2937 1602 2994 pauperes
1626 2921 1748 2993 spiritu,
1762 2924 1798 2977 si·

100 3019 160 3083 tur,
176 3019 265 3087 atque
280 3032 367 3087 quem
384 3016 460 3071 Deus
477 3018 586 3087 patitur
604 3032 660 3071 non
677 3032 782 3087 passus
793 3016 818 3071 ai
832 3016 922 3072 male·
979 3020 1094 3082 tientes,
1110 3017 1284 3074 esurientes.
1299 3013 1366 3077 One
1381 3028 1482 3068 verum
1497 3010 1600 3082 probat
1614 3016 1800 3082 assumptum

101 3104 182 3169 dicit,
199 3103 286 3158 istius
302 3120 350 3158 ore
366 3103 489 3173 loquens
507 3105 594 3159 rerba
610 3121 687 3159 nunc
703 3104 807 3161 alterat
821 3106 922 3162 Eccle·
978 3125 1046 3165 veru
1061 3105 1222 3170 conclusio,
1239 3120 1303 3159 esse
1328 3105 1416 3174 negat
1440 3099 1602 3174 gavisuros,
1632 3108 1720 3170 negat
1744 3114 1802 3155 esse

100 3192 207 3247 siustes
220 3209 227 3246 :
239 3192 429 3263 lmpilssirnc,
442 3210 498 3248 non
511 3194 562 3248 tibi
574 3193 633 3250 siut
645 3195 732 3260 bona,
746 3195 795 3268 qui
808 3212 868 3251 sem
873 3213 924 3268 per
979 3201 1090 3267 beatos,
1101 3197 1149 3266 neri
1158 3199 1274 3250 lantum
1286 3189 1615 3262 delicianturcorporeis
1625 3189 1730 3246 acolis.
1743 3189 1802 3245 Non

100 3280 207 3336 amasti
225 3281 310 3352 mala,
328 3282 423 3337 brevis
446 3283 497 3337 tibi
522 3286 581 3339 uita
601 3285 649 3352 sit,
676 3285 815 3356 quoniam
839 3286 925 3342 tedet
978 3305 1047 3361 ergo
1064 3286 1226 3342 contrarius
1242 3282 1377 3337 Salomon
1396 3279 1461 3352 plus
1475 3296 1563 3350 ‹pnnm
1581 3278 1747 3347 Salomoni,
1761 3294 1803 3333 re·

101 3369 255 3441 plerosque
271 3373 340 3443 quia
354 3371 445 3427 vivis:
461 3374 653 3429 siculumbra
665 3379 847 3446 praetereant,
859 3376 924 3446 qui·
979 3394 1044 3435 rum
1062 3393 1138 3449 saepe
1153 3374 1333 3444 affectuapro
1344 3369 1542 3443 personaevice
1552 3374 1684 3429 mutans.
1698 3386 1755 3423 non
1768 3367 1805 3422 ait

99 3474 215 3530 cunque
230 3460 398 3517 Creatorem
414 3479 501 3518 suum
519 3464 640 3519 minime
657 3468 834 3520 reverentur.
980 3469 1035 3524 hoc
1046 3483 1112 3534 ase,
1125 3464 1173 3520 sad
1187 3465 1227 3519 uit
1238 3478 1271 3517 ex
1283 3461 1378 3516 verbis
1392 3461 1611 3531 Epicureorum,
1625 3457 1735 3527 quibus
1745 3462 1804 3512 tan·

135 3550 223 3608 Vens.
240 3553 333 3609 lt-
352 3555 402 3608 Est
425 3561 452 3609 et
476 3555 535 3611 alin
564 3557 680 3621 tinnites,
705 3571 767 3626 prece
792 3557 822 3626 fit
844 3571 927 3626 super
982 3574 1068 3630 quam
1080 3570 1219 3626 suprema
1233 3551 1299 3607 boni
1312 3549 1550 3622 placetvoluptas
1563 3546 1746 3615 illecebrosa,
1759 3549 1807 3601 ant

102 3643 203 3699 terram
214 3662 225 3700 .·
239 3649 304 3700 sant
315 3644 398 3715 jani,
414 3645 512 3716 paitrus
527 3649 618 3702 rnrrltn
642 3651 818 3720 proueniant,
845 3664 926 3720 qnasi
981 3648 1003 3702 si
1020 3663 1037 3701 a
1052 3662 1083 3701 se
1098 3643 1179 3709 dixit,
1197 3643 1263 3697 illes
1279 3641 1376 3697 laudat
1391 3637 1502 3710 epulas,
1521 3653 1593 3709 quus
1609 3643 1758 3709 preparat
1781 3640 1807 3691 et

103 3750 185 3809 opera
199 3741 306 3813 eperint
318 3739 487 3810 impiorum
502 3747 527 3798 et
541 3739 769 3811 resilientium
783 3741 823 3794 ilc
834 3738 927 3794 secaret
982 3754 1035 3793 suo
1051 3734 1194 3806 sapientis
1209 3731 1270 3786 aule
1285 3728 1393 3785 condit.

14 3874 18 3881 .
103 3833 419 3904 surtl,qunsijuatorum
433 3829 926 3900 fercladebeant:acetclltocvania·
1017 3819 1444 3890 Vens.iti‚l7.-t3lnppoaui
1467 3833 1517 3871 cnr
1540 3831 1631 3871 meunt
1654 3820 1684 3871 ut
1707 3819 1807 3871 sciren

105 3922 207 3975 siarum
219 3920 325 3991 judico.
343 3921 422 3984 Quod
438 3919 537 3975 inuitis
550 3920 641 3974 variat
649 3919 755 3989 verbis,
770 3918 926 3972 unitsensn
983 3911 1160 3985 rapientium,
1178 3916 1205 3965 et
1219 3908 1405 3978 inlelliperem
1416 3907 1623 3974 distentionem,
1639 3920 1808 3978 qrraeeersu·

106 4009 305 4065 Ecclesiastes.
322 4009 462 4080 Superius
479 4009 622 4079 personis,
638 4013 666 4062 et
680 4006 777 4061 causis
789 4021 927 4076 persona·
984 4015 1029 4061 lue
1044 4007 1074 4058 in
1088 4011 1183 4067 terrm·
1198 4010 1236 4055 cat
1252 4000 1342 4063 terreno,
1359 3999 1410 4068 qai
1427 3996 1563 4052 dictaret
1584 3999 1715 4050 noctitias
1737 4012 1808 4051 sorn-

108 4115 171 4155 rum
189 4098 306 4163 notulis,
323 4098 444 4152 allectus
460 4096 619 4152 multorum
637 4113 714 4150 rinus
737 4096 928 4164 expresserat,
984 4110 1052 4148 narn
1069 4109 1121 4148 non
1138 4090 1212 4161 crrprit
1227 4091 1323 4144 oculis.
1336 4090 1368 4142 Et
1388 4088 1516 4141 intellexi
1530 4085 1741 4157 nundinarium
1754 4102 1810 4157 ope·

108 4191 288 4259 conquestus
313 4192 375 4241 erut
403 4190 539 4257 quoniam
563 4187 645 4242 tarda
671 4185 782 4240 veniret
804 4184 931 4239 uindicta
986 4200 1048 4238 rum
1064 4176 1810 4250 ticinrrilnmpoaaildomninucnircrulionerneornm,

111 4276 408 4348 malorum,spejum
429 4281 613 4346 cognouerat,
641 4276 717 4331 bons
742 4290 806 4329 essa
834 4271 932 4327 dando
987 4288 1045 4344 quae
1066 4271 1136 4340 finiit
1158 4270 1206 4323 ann
1230 4265 1295 4334 sole,
1321 4277 1346 4322 et
1370 4275 1475 4338 quirnto
1498 4266 1560 4336 plin
1585 4264 1758 4320 laboraverit
1778 4263 1812 4319 ad

2 4406 5 4413 -
109 4366 266 4435 timoratis,
282 4370 310 4421 et
326 4365 457 4437 iniquum
486 4364 650 4420 maledictis
669 4368 832 4419 vexaverat.
860 4362 931 4415 Ecce
986 4359 1179 4434 querendum,
1196 4357 1378 4412 tantominus
1400 4355 1635 4419 inmanitatem
1659 4353 1686 4409 si
1708 4354 1813 4410 dixerit

112 4455 199 4511 aliurn
217 4457 372 4511 uanitatem
389 4456 425 4509 de
440 4455 552 4511 semine
567 4454 652 4509 istius
662 4453 728 4507 vani
740 4453 818 4508 videt
830 4451 892 4506 lieri
904 4451 932 4505 in
947 4433 971 4498 Ι)
985 4453 1094 4524 sapiens
1108 4466 1137 4505 sc
1155 4465 1243 4517 nesse,
1269 4464 1323 4504 non
1345 4454 1448 4519 poteret
1473 4449 1606 4516 reperire.
1633 4446 1812 4502 Gravissima

112 4553 198 4611 terra,
216 4544 284 4598 iude
299 4549 422 4616 stupens
437 4544 475 4599 itu
491 4560 591 4600 secum
608 4543 748 4615 loquitur.
760 4542 843 4597 tiene
854 4556 932 4595 veru·
986 4542 1092 4598 mentis
1104 4539 1242 4594 distentio
1254 4536 1390 4592 homines
1400 4534 1555 4606 plerosque
1567 4540 1664 4599 vexat,
1676 4535 1714 4591 ad
1726 4551 1810 4605 sinam

112 4632 183 4690 citer
199 4632 344 4704 putabunt
360 4633 512 4703 regnavisse
530 4631 607 4700 boni,
622 4631 698 4703 quod
715 4629 931 4699 sperandasint
986 4629 1218 4704 cognoscendam
1241 4625 1362 4697 apponit
1387 4641 1436 4679 cor
1462 4623 1663 4679 Ecclesiastes.
1692 4625 1812 4692 Quando

112 4725 186 4781 bonu
203 4724 374 4780 timentibus
383 4724 485 4793 Deum,
495 4739 562 4779 cum
574 4724 692 4779 videant
702 4722 856 4795 plerosque
867 4736 930 4775 sun·
985 4722 1064 4778 enim
1079 4717 1189 4790 aliquid
1202 4720 1324 4789 apparet
1334 4712 1464 4779 difficile,
1478 4712 1677 4768 necessarium
1688 4724 1735 4770 est
1747 4714 1812 4769 utile

112 4821 174 4871 ctos
189 4824 275 4886 atque
287 4816 383 4885 justos
398 4819 479 4869 tanta
496 4815 555 4886 pati
572 4814 683 4885 injuste
699 4812 785 4876 rusia,
803 4828 865 4884 qiua
877 4811 931 4866 suli
987 4816 1041 4879 est,
1058 4816 1091 4864 ut
1107 4825 1156 4864 cor
1169 4809 1205 4863 nd
1218 4804 1455 4875 investigandum
1468 4808 1642 4875 apponatur.
1658 4802 1812 4860 Versariin

113 4909 238 4978 perversi
250 4902 932 4977 justesustineredebuissenliNamlicethomo
987 4907 1065 4959 terra
1080 4901 1137 4956 ista
1153 4897 1293 4954 distentio
1309 4895 1426 4963 dicitur,
1441 4912 1498 4951 non
1509 4899 1591 4949 vexat
1602 4893 1664 4950 haec
1676 4895 1814 4951 desterno

109 4990 932 5067 rualedieutimpatienteriniquo,temporelongaevovivit
987 4998 1199 5062 terramquum
1215 4987 1349 5042 terimus.
1367 4986 1422 5054 Qui
1440 4986 1477 5039 dc
1500 4988 1576 5041 terra
1604 4991 1656 5053 eat,
1683 4984 1717 5041 rte
1742 4994 1814 5042 terro

109 5100 231 5139 securus
243 5084 353 5156 impius
365 5088 421 5139 lteo
432 5085 631 5145 sustentante,
643 5084 672 5134 et
683 5070 763 5136 nullo
775 5079 933 5135 maledicto
991 5082 1115 5152 loqreitur
1128 5080 1225 5149 (dorin.
1242 5077 1285 5147 ιιι)
1303 5075 1496 5141 designantur
1519 5071 1636 5127 nomine
1660 5077 1743 5129 terrm
1768 5076 1814 5146 qni

111 5173 211 5241 lassus,
227 5179 337 5245 quanta
352 5174 465 5228 vanitas
480 5175 525 5226 est
539 5170 618 5238 quod
636 5169 713 5224 mnia
728 5170 819 5240 justia
833 5184 934 5240 prove·
989 5175 1104 5227 terrena
1120 5167 1240 5234 sapiunt
1256 5164 1388 5237 (Philipp.
1405 5164 1457 5233 ru).
1474 5163 1529 5217 Cor
1544 5166 1641 5217 autem
1660 5163 1695 5217 ad
1722 5164 1815 5236 philo·

113 5264 206 5329 niani,
223 5264 340 5334 injustis
356 5262 456 5317 boun?
470 5262 582 5325 Quanta
591 5274 663 5313 vana
676 5259 763 5314 homo
775 5259 934 5325 existimat,
991 5258 1099 5329 sophos
1116 5255 1217 5310 mundi
1235 5253 1362 5325 applicat
1373 5250 1572 5318 Ecclesiastes,
1585 5249 1634 5320 qui
1648 5267 1817 5324 risqneqna·

14 5368 18 5373 ·
115 5369 178 5424 qnia
190 5358 263 5409 tteus
274 5367 421 5407 usnaesse
431 5360 526 5421 negat.
537 5350 616 5413 Quoi
629 5365 685 5403 nun
699 5349 738 5403 sit
749 5349 874 5414 vanitas,
885 5349 935 5404 sed
991 5364 1044 5419 que
1061 5345 1270 5400 distenduntur
1281 5347 1314 5397 ut
1324 5348 1440 5397 terrena
1450 5339 1618 5411 loquantur.
1632 5341 1715 5406 Quod
1730 5342 1818 5398 tantis

115 5449 191 5496 certa
208 5440 397 5513 dispensatio,
415 5438 490 5510 quod
509 5438 634 5510 plurime
646 5438 721 5494 bona
734 5438 821 5503 mulo,
833 5445 861 5493 et
872 5438 937 5511 plu·
991 5441 1020 5491 et
1035 5435 1141 5490 talibus
1155 5432 1239 5488 libris
1256 5429 1433 5486 convolvunt
1444 5427 1620 5500 philosophi,
1635 5446 1711 5501 pene
1723 5433 1819 5489 tribus

116 5531 190 5586 rima
205 5530 338 5587 eueniant
353 5527 432 5584 mala
443 5530 534 5599 justo,
548 5527 576 5583 in
589 5527 743 5600 Evangelio
754 5532 836 5598 puter
847 5529 937 5584 Abra·
994 5525 1088 5581 verbis
1102 5521 1238 5579 Salomon
1255 5519 1389 5592 explicat.
1404 5519 1480 5573 Duas
1492 5533 1558 5572 vero
1571 5533 1636 5573 esse
1649 5523 1748 5577 sectas
1759 5523 1821 5595 pht-
