3826 6014
125 247 183 311 483
704 232 879 300 aurnum
901 227 1070 293 ABBATIS
1091 225 1319 290 'l'UlTIENSlS
1768 228 1829 290 484

125 382 255 458 Nunpuid
283 397 333 438 rea
359 395 414 436 non
443 381 483 435 est
510 375 571 448 tibi,
596 382 644 431 aut
671 369 854 432 consiliarius
882 376 946 423 tuus
962 367 988 433 Α
1002 360 1115 419 ridebis
1129 360 1303 417 liberantem
1320 363 1350 416 et
1365 358 1559 415 redimentem
1577 363 1605 416 ts
1623 363 1793 433 Dominum,
1805 369 1834 423 et

124 474 221 546 periit,
237 472 304 543 puio
322 465 567 540 comprehenditis
588 464 676 534 dolor,
700 463 771 518 sicut
793 459 949 532 parturien-
1004 451 1087 509 dolor
1102 449 1574 522 tunsonnverteturingaudium.
1587 450 1647 507 Hoc
1658 452 1827 526 intelligen-

126 560 205 618 trm‘i
220 559 347 629 Denique
361 561 432 613 tune
458 553 611 626 temporis,
635 557 664 609 et
687 567 721 608 ex
745 567 779 607 eo
807 546 886 622 quod
911 545 946 601 ad
1003 541 1075 597 dum
1091 545 1135 597 eet
1150 556 1201 613 per
1214 540 1243 596 id
1260 539 1491 613 quodnequitur.
1506 538 1660 609 Quianunc
1674 544 1827 613 epredieris

125 647 273 707 Abrabam
288 645 421 712 seminis,
438 643 516 717 qnod
531 647 576 699 est
590 642 737 708 Christus,
760 635 946 711 repromissio
1003 628 1167 699 latinitate,
1183 634 1209 685 et
1223 629 1365 687 habitabis
1381 631 1410 685 in
1435 628 1555 701 rapiens,
1580 640 1605 687 et
1628 635 1721 689 renim
1743 651 1829 707 usque

123 740 270 808 iaetaest,
287 727 946 802 itaSionsivsHiarnsalem,idastmuitornm
1003 721 1039 778 ad
1066 722 1245 794 Babylonem,
1275 730 1301 777 et
1328 720 1370 776 ibi
1394 720 1566 786 liberaberis,
1592 722 1631 778 ibi
1659 724 1776 781 redimet
1804 731 1829 783 ie

126 829 231 887 animas
247 835 416 885 sanatorum
432 825 665 900 patriarcharum
682 828 711 880 et
725 820 945 894 prophetarum,
1003 811 1135 868 Dominus
1149 810 1182 867 de
1195 826 1281 866 manu
1296 808 1477 866 inimicorum
1491 818 1611 866 tuorum.
1624 814 1772 879 Quantum
1790 816 1827 873 ad

124 935 229 993 regum
243 923 273 975 et
287 917 419 975 amnium
432 916 581 987 iustarum
592 927 716 969 maerore
731 907 945 968 uontrabnban·
1003 901 1174 957 exteriorem
1190 901 1292 956 littere
1308 902 1432 967 textum,
1448 898 1535 956 istam
1557 900 1754 974 intelligimus
1777 906 1793 962 J
1798 924 1828 962 u·

123 1012 184 1076 tur,
212 1006 365 1082 cupientes
389 1004 486 1062 videre
510 1002 716 1077 promissionis
741 1000 889 1066 effectum,
916 1001 946 1052 et
1002 988 1130 1047 duorum
1148 989 1346 1062 captivitatem
1361 987 1548 1045 notissimam
1574 992 1681 1061 quain
1706 993 1828 1068 Babylo·

123 1096 329 1169 comprehendit
343 1110 392 1152 eus
415 1094 497 1151 dolor
511 1092 588 1150 uelut
612 1091 845 1164 parturientium,
868 1085 947 1143 sicut
1002 1094 1070 1135 nem
1093 1079 1231 1146 ducendi,
1255 1079 1335 1135 etde
1356 1094 1414 1150 qua
1436 1082 1503 1150 post
1527 1095 1620 1135 annos
1641 1083 1827 1154 septuaginta

123 1184 253 1242 mirabili
276 1185 360 1257 signo
371 1182 554 1255 significatur
566 1174 943 1254 innpeealypsicnmdieil:
1000 1171 1084 1225 erant
1099 1167 1267 1225 reducendi.
1284 1171 1321 1223 at
1335 1183 1401 1224 vero
1418 1166 1611 1238 spiritualiter
1626 1169 1716 1227 aliam
1740 1175 1821 1229 navi-

124 1276 158 1331 Et
172 1277 280 1348 sianum
290 1289 427 1348 mapnum
443 1271 574 1344 apparuit
590 1272 621 1326 in
635 1270 712 1337 calo,
728 1266 832 1324 mulier
843 1265 944 1320 amiota
1002 1272 1069 1314 mus
1083 1257 1270 1331 Babylonem,
1287 1257 1364 1314 sicut
1377 1257 1447 1313 Sion
1463 1257 1551 1314 latam
1568 1257 1680 1316 scimus
1691 1261 1751 1318 aive
1761 1264 1824 1319 ilie·

123 1364 191 1428 sole,
224 1369 252 1419 et
273 1363 340 1419 luna
360 1361 410 1418 sub
433 1360 545 1432 pedibus
568 1360 638 1429 eius,
666 1365 692 1414 et
716 1358 747 1412 in
768 1355 860 1424 capite
884 1351 944 1422 eius
1000 1347 1144 1419 ruaniem,
1159 1349 1196 1405 de
1207 1364 1264 1420 qua
1279 1363 1358 1403 nunc
1372 1346 1513 1420 loquitur,
1523 1348 1709 1406 viventisti
1724 1351 1826 1408 eivita-

121 1468 222 1510 eorona
237 1451 384 1509 stellarum
398 1449 550 1516 duodecim,
574 1456 600 1506 et
626 1447 658 1503 in
681 1455 759 1504 utero
782 1443 893 1511 babens,
918 1446 945 1499 et
1004 1442 1076 1505 tem,
1093 1436 1121 1492 id
1138 1441 1183 1493 est
1204 1435 1399 1493 universalem
1421 1440 1589 1494 sanctorum
1611 1443 1640 1494 et
1665 1438 1824 1498 electorum

122 1542 261 1598 clamabat
274 1541 434 1613 parturiens
450 1543 476 1596 et
490 1537 670 1594 cruciabatur
688 1541 719 1591 ut
733 1535 829 1606 pariat
851 1531 942 1604 (lpoc.
1000 1525 1133 1582 omnium
1149 1525 1329 1592 societatem,
1344 1525 1429 1596 euius
1444 1529 1532 1581 reret
1544 1527 1731 1586 consiiiarius
1742 1531 1823 1587 Chri.

8 1692 11 1697 ,
122 1633 184 1700 ιιι).
197 1629 251 1686 illa
262 1631 343 1696 Sion,
360 1628 419 1685 baec
430 1625 685 1701 ipsaiiiernsalem
697 1621 943 1692 erat3iilsmuiier
1000 1616 1063 1670 stus
1077 1619 1132 1681 est,
1149 1615 1201 1687 qui
1217 1615 1247 1671 in
1261 1615 1398 1687 prasenti
1412 1613 1474 1670 loco
1490 1630 1542 1687 per
1557 1616 1729 1689 prophetam
1750 1636 1825 1693 pra·

122 1720 229 1777 amula
242 1718 311 1788 sole,
326 1721 352 1775 et
367 1719 433 1774 luna
458 1717 507 1773 sub
530 1715 655 1788 pedibus,
679 1712 708 1770 id
733 1717 776 1770 ast
795 1711 942 1768 Christum
960 1740 984 1806 B
1000 1705 1164 1764 nuntiatur.
1183 1704 1379 1763 Universalem
1391 1721 1459 1776 ergo
1474 1704 1562 1778 hujus
1586 1706 1655 1763 Sion
1675 1710 1824 1781 eaptivita-

122 1808 235 1865 babens
251 1808 280 1863 in
298 1806 535 1879 promissione,et
544 1804 698 1862 abundans
713 1807 801 1875 atque
817 1799 945 1874 praemi·
997 1798 1069 1863 ιοιιι,
1081 1811 1146 1867 qua
1161 1793 1190 1849 in
1206 1796 1302 1852 Adam
1314 1794 1430 1865 accidit,
1446 1795 1604 1866 praesuiis
1616 1796 1767 1866 habentes,
1777 1799 1821 1854 di-

126 1915 200 1955 nens
216 1897 302 1954 bonis
317 1895 537 1970 temporalibus,
553 1904 580 1953 ct
594 1896 623 1952 in
646 1897 740 1968 carine
760 1892 821 1965 ejus
842 1905 946 1948 auraria
998 1882 1087 1956 gaius
1101 1900 1135 1940 uo
1151 1882 1324 1956 loeupletius
1339 1885 1429 1940 verbu
1441 1882 1503 1941 hau
1518 1883 1721 1958 intelligimus,
1750 1887 1822 1945 dum

122 1989 268 2045 stellarum
280 1986 434 2054 duodecim,
444 1985 473 2041 id
485 1984 570 2042 estin
582 1983 665 2041 initia
675 1982 773 2058 gentis
784 1981 835 2037 tilii
845 1979 945 2044 Jacob,
998 1976 1150 2048 praemisso
1167 1993 1174 2032 ε
1191 1977 1255 2033 bole
1270 1985 1419 2050 ocsatope,
1440 1975 1503 2048 filia
1523 1976 1601 2046 Sion,
1617 1978 1699 2050 quasi
1724 1985 1821 2050 partu-

125 2080 224 2149 pntrea
239 2076 372 2132 tribuum
387 2073 554 2141 duodecim,
571 2077 600 2130 et
615 2073 644 2129 in
661 2077 743 2129 utero
758 2071 883 2138 babens,
891 2067 946 2126 sci·
997 2066 1083 2137 riom,
1100 2065 1254 2138 subjungit
1271 2083 1277 2123 :
1293 2065 1347 2135 Qui
1362 2081 1435 2122 nunc
1447 2065 1596 2137 eoredieris
1608 2065 1642 2124 de
1654 2069 1778 2141 deitate,
1795 2075 1823 2127 et

120 2163 191 2223 licet
205 2165 410 2237 promissionis
424 2164 510 2221 iidem
526 2169 555 2221 et
569 2178 651 2236 spem
666 2163 696 2219 in
713 2163 799 2218 corde
815 2159 945 2217 retinens
997 2155 1138 2212 babitabis
1151 2156 1183 2211 in
1199 2157 1320 2226 replens,
1335 2163 1361 2212 et
1375 2155 1467 2212 unnim
1482 2155 1617 2228 usquead
1636 2157 1822 2230 babylonaei:

18 2276 21 2281 ·
119 2253 265 2312 clamabat
280 2254 447 2327 parturiens
462 2258 491 2310 et
501 2252 727 2309 cruciabatnrut
739 2253 864 2323 pareret,
876 2248 946 2321 qnia
997 2242 1226 2312 inliberabilis,
1242 2243 1283 2300 ibi
1296 2243 1412 2299 redimet
1428 2247 1455 2299 lc
1476 2245 1610 2300 Dominus
1620 2244 1652 2301 de
1666 2262 1753 2303 mana
1764 2249 1822 2304 iai·

116 2343 253 2401 videlieet
267 2359 374 2417 magno
390 2341 535 2400 desiderio
556 2341 655 2399 mdere
666 2338 853 2398 desiderabat
869 2353 944 2406 ram,
997 2334 1266 2390 micorumtuorum.
1293 2336 1388 2399 Nune,
1410 2332 1518 2404 inquit,
1535 2332 1566 2388 id
1589 2339 1634 2390 est
1656 2340 1723 2391 ants
1747 2335 1821 2393 illud

122 2433 208 2505 cnjus
223 2432 349 2490 habebnt
366 2449 460 2503 spem,
477 2432 554 2489 sicut
569 2431 675 2488 mulier
689 2429 836 2486 desiderat
848 2427 946 2484 videm
999 2430 1193 2488 novissimum
1209 2430 1334 2499 dierum,
1350 2430 1380 2486 in
1396 2446 1455 2503 quo
1466 2430 1542 2488 fluat
1554 2430 1605 2489 illa
1615 2449 1679 2505 qua
1690 2433 1821 2505 predixi,

123 2526 225 2579 natum
238 2537 325 2596 quem
338 2527 434 2596 portet
444 2525 626 2594 conceptum.
638 2520 721 2577 Hune
730 2519 860 2576 dolorem
871 2517 945 2573 miro
998 2520 1187 2577 manilestato
1199 2527 1297 2576 monte
1307 2520 1414 2577 dumus
1429 2519 1612 2594 Domini,qni
1622 2521 1822 2592 Christuaesi,

123 2612 210 2669 modo
225 2612 351 2684 Spiritus
367 2617 487 2669 sanctus
502 2618 670 2669 sanctornm
685 2609 819 2667 amnium
842 2624 946 2665 oonsu-
998 2609 1116 2665 interim
1132 2611 1202 2666 dnm
1230 2625 1343 2666 moram
1367 2609 1438 2666 iacit
1463 2614 1492 2667 et
1515 2611 1646 2667 nondum
1670 2612 1750 2668 venit
1773 2615 1823 2685 qui

18 2738 21 2745 ·
122 2701 200 2759 lator
214 2707 243 2760 et
253 2704 352 2776 arguit
361 2708 389 2762 et
398 2704 515 2761 excitat.
527 2703 631 2776 Arguit
642 2702 719 2759 anim
730 2700 947 2768 dicendo,nunc
998 2702 1140 2756 venturus
1156 2703 1210 2766 ast,
1225 2698 1418 2769 tusaredieris
1433 2698 1466 2755 de
1481 2699 1604 2766 ciuitate,
1634 2708 1661 2757 et
1683 2700 1822 2759 babitabis

10 2844 13 2849 ,
122 2793 816 2867 quaremarorecontraberisiNunpaidreanon
831 2789 944 2856 esttibi,
998 2790 1161 2858 inreuioue,
1173 2785 1299 2845 eloeuies
1309 2787 1632 2862 mouendiiabylonem,
1646 2790 1675 2846 id
1691 2796 1736 2847 eat
1747 2809 1822 2863 pras·

126 2890 175 2938 out
197 2882 378 2941 consiliarius
398 2893 461 2940 tuus
488 2883 583 2956 periit,
602 2881 672 2956 puio
694 2878 899 2952 comprehendit
922 2885 948 2934 te
995 2879 1130 2951 indicata
1143 2877 1173 2933 in
1190 2878 1296 2946 Adam,
1312 2878 1443 2935 nuceria
1457 2883 1539 2934 extra
1550 2880 1730 2951 paradisum,
1744 2883 1822 2938 unde

10 2968 13 2973 '
121 2971 202 3028 dolor
215 2971 288 3028 sicul
301 2974 516 3043 parturientem.
532 2971 643 3027 iireitat
657 2968 865 3041 subjungendo
876 2982 946 3023 eon·
998 2968 1047 3025 ille
1058 2967 1199 3041 expulsus
1211 2973 1267 3038 ast,
1282 2972 1313 3024 et
1328 2972 1360 3024 tu
1376 2969 1485 3041 pariter
1509 2984 1574 3025 cum
1601 2969 1661 3036 illo,
1685 2972 1771 3043 eujus
1794 2974 1823 3029 in

125 3060 243 3117 testim:
260 3060 369 3117 balcet
384 3059 653 3132 saluae,filiaSion,
669 3057 752 3127 quasi
769 3055 942 3128 parturiens.
998 3055 1109 3113 lumbis
1123 3072 1200 3123 aras,
1216 3060 1244 3112 ot
1259 3056 1393 3113 manebis
1404 3056 1434 3112 in
1450 3059 1605 3129 prasentia
1622 3060 1720 3115 saculi
1731 3063 1824 3133 capti-

121 3149 278 3205 sciendnm
295 3164 375 3221 ergo,
391 3149 462 3220 qnia
480 3147 642 3204 dolentium
669 3147 699 3203 in
729 3150 814 3220 partu
838 3160 946 3216 magna
963 3115 985 3183 c
1001 3148 1099 3219 ritate,
1117 3151 1220 3219 etpost
1234 3145 1446 3203 habitationem
1457 3147 1581 3218 hujusce
1589 3149 1822 3221 regioniaveaies

121 3236 263 3293 distantia
278 3240 332 3292 eat.
349 3236 482 3309 Alienjus
494 3236 574 3292 anim
590 3236 690 3291 anima
717 3234 747 3290 in
772 3238 857 3308 partu
887 3250 947 3306 pra
1002 3237 1134 3311 usquein
1146 3236 1334 3309 Babylonem,
1346 3235 1458 3293 seilicet
1472 3236 1633 3303 moriendo,
1643 3243 1673 3295 et
1683 3256 1734 3310 per
1746 3256 1823 3297 mor·

123 3323 224 3380 dolore
238 3324 396 3395 egreditur,
415 3329 444 3381 at
458 3324 482 3382 si
499 3324 614 3380 dicatur
627 3322 653 3381 si
670 3338 676 3378 :
693 3324 732 3379 lic
760 3324 855 3378 timeas
881 3321 948 3394 quia
1001 3326 1503 3385 temdescendendaadtanebrarnm
1516 3326 1705 3385 infernalium
1719 3331 1824 3386 coniu-

123 3413 215 3484 ritium
229 3415 382 3485 perperisti
394 3414 418 3487 (Ι
433 3415 497 3483 liep.
512 3413 561 3486 ιιι),
578 3413 638 3470 sive
652 3416 686 3469 ut
700 3412 771 3469 alibi
796 3411 945 3485 legimus:
1002 3415 1127 3482 sionem,
1141 3430 1200 3487 qao
1211 3418 1239 3469 et
1250 3413 1344 3469 sancti
1353 3413 1570 3470 descenderunt
1581 3420 1678 3486 patres
1690 3416 1828 3483 tui,siaut

23 3559 26 3568 ,
123 3502 187 3559 Noli
200 3503 298 3559 timere
313 3504 381 3576 quia
394 3510 422 3561 et
435 3504 508 3560 buno
518 3502 630 3560 babebis
641 3503 733 3574 filium
747 3501 825 3575 (Gen.
851 3501 948 3574 xxxv),
1002 3519 1081 3561 unus
1095 3519 1129 3559 ea
1145 3502 1287 3559 maximis
1303 3501 1421 3559 iliorum
1438 3503 1511 3559 dicit
1527 3520 1533 3559 :
1550 3504 1717 3560 demendam
1740 3506 1775 3561 ud
1795 3505 1828 3577 fi·

126 3609 183 3649 non
200 3595 360 3667 respondet
373 3611 468 3668 neque
478 3595 700 3651 animaduertat.
712 3594 879 3650 secundnm
896 3592 948 3648 bu·
1003 3595 1074 3652 lium
1090 3609 1180 3650 meum
1195 3594 1290 3666 lupens
1313 3595 1343 3649 in
1370 3595 1515 3663 infernum
1541 3593 1619 3663 (Gen.
1642 3608 1758 3658 murat.
1784 3597 1828 3655 lbi

127 3682 257 3754 jusmodi
270 3683 509 3754 similitudinem,
520 3683 647 3756 Spiritus
658 3685 778 3740 nanctus
788 3680 947 3739 Ecclesiam
1003 3683 1173 3752 liberaberis,
1190 3683 1231 3739 ibi
1245 3681 1360 3738 redimet
1373 3686 1400 3738 te
1412 3683 1548 3739 Dominus
1561 3683 1595 3739 de
1618 3699 1705 3740 manu
1728 3685 1824 3742 inimi·

126 3773 239 3830 uenturi
250 3773 358 3830 christi
368 3779 493 3832 matrem
503 3773 715 3831 dolerenolnit.
725 3770 948 3840 Quamuisenim
1002 3789 1099 3830 corum
1114 3776 1237 3830 luorum.
1254 3770 1414 3828 &scendet
1428 3771 1507 3826 anim
1520 3770 1675 3829 illueDans
1685 3778 1714 3830 et
1724 3773 1823 3831 Domi·

31 3870 35 3877 ·
126 3861 209 3934 priua
223 3859 948 3935 morerentnrsancti,quamviderentilinmchri-
1003 3879 1059 3919 nus
1077 3862 1125 3918 [tei
1136 3860 1238 3931 Filius,
1250 3858 1389 3916 liberator
1397 3865 1426 3917 et
1437 3860 1613 3933 Redemptor
1623 3865 1693 3919 tuus
1704 3868 1824 3935 propter

22 3996 27 4005 ,
124 3956 204 4009 stum
219 3953 347 4021 Domini,
369 3949 950 4010 tamenbabersdebebantetbabebant
1002 3959 1610 4028 inhomotaotun,atpaaaua,crucifixus,
1640 3965 1774 4019 mortuus
1799 3967 1831 4019 et

124 4042 211 4099 lidum
228 4044 451 4101 resurrectionis
467 4052 495 4101 et
517 4043 604 4101 futuri
635 4041 845 4115 rerumquae
871 4042 948 4098 vide·
1003 4048 1150 4122 sepultus,
1165 4051 1195 4102 at
1208 4047 1314 4103 deinde
1328 4047 1824 4109 suscitatusamortuissotutisdo·

123 4128 949 4206 lieetqnsmviaexspeetanteamorerentur,nibilomiuua
1004 4137 1108 4195 loribus
1132 4137 1247 4207 inserui,
1271 4135 1353 4203 iunio
1378 4135 1450 4207 quod
1474 4138 1741 4209 impossibite21²
1765 4149 1825 4199 erat

124 4224 222 4276 tamen
239 4219 322 4277 ilium
336 4226 366 4278 et
380 4229 461 4278 entra
478 4237 607 4290 carnem,
622 4226 651 4278 et
665 4222 790 4280 incarne
805 4238 860 4279 sua
871 4226 949 4294 post·
1003 4228 1092 4285 moeri
1105 4225 1187 4282 illum
1199 4225 1232 4280 ab
1249 4239 1281 4281 eo
1295 4224 1366 4295 (Act.
1395 4225 1436 4296 ιι).
1458 4229 1518 4282 Hoc
1542 4229 1630 4285 mndn
1653 4229 1771 4286 redimet
1795 4237 1821 4288 ts

125 4308 247 4365 modum
262 4309 353 4366 visuri
370 4313 479 4367 essent.
497 4310 589 4381 Igitur
602 4325 669 4365 enm
695 4310 790 4369 dicit:
815 4312 951 4384 uunquid
1002 4318 1037 4375 de
1048 4333 1135 4373 manu
1148 4315 1330 4372 inimicorum
1343 4323 1463 4387 tuorum,
1488 4317 1600 4374 scilicet
1618 4319 1820 4394 malignarum

123 4413 175 4453 rea
202 4414 258 4456 non
271 4404 310 4456 est
326 4397 389 4467 tibi,
405 4407 451 4454 aut
475 4399 653 4454 consiliarius
677 4402 741 4454 tuus
761 4400 858 4473 periit,
882 4403 949 4474 puin
1003 4405 1307 4480 spirituumpratium
1322 4405 1418 4462 dando
1434 4423 1486 4479 pro
1500 4411 1528 4462 ta
1543 4410 1714 4480 sanguinem
1731 4428 1820 4468 suum

124 4487 328 4558 comprehendit
341 4487 419 4545 dolor
437 4487 509 4544 sicud
534 4489 754 4559 parturientem,
781 4489 818 4545 ab
843 4490 945 4547 eodem
963 4474 989 4540 D
1005 4502 1037 4554 ιιι
1051 4496 1125 4554 nibil
1138 4494 1215 4568 iuris
1230 4493 1357 4550 habeant
1372 4495 1402 4551 in
1417 4499 1447 4550 ts
1463 4500 1583 4568 propter
1594 4498 1735 4569 originale
1755 4517 1822 4573 pec·

126 4573 262 4632 bortatur
276 4581 394 4634 sanatos
409 4592 512 4633 omnes
527 4581 559 4632 nt
573 4591 629 4632 non
646 4576 857 4634 contristentur
878 4581 951 4635 sicut
1004 4590 1112 4643 aarum.
1129 4583 1237 4641 iiuada
1249 4582 1298 4638 ilia
1313 4582 1460 4655 spirituaii
1472 4584 1712 4658 babylona,atds
1726 4589 1828 4645 invisi.

124 4665 258 4721 stratori
280 4666 330 4737 qui
346 4681 420 4737 spem
436 4681 491 4722 non
514 4664 613 4721 babere
636 4665 659 4738 (Ι
684 4666 773 4723 Tbesr.
794 4668 846 4739 ιν).
876 4667 949 4724 eum
1002 4674 1113 4731 bilibus
1128 4671 1258 4729 inimicis
1272 4673 1332 4728 tuis
1348 4671 1491 4729 Dominus
1506 4674 1590 4730 dixit.
1607 4675 1822 4734 Nuncdemum

126 4755 224 4810 tutem
240 4754 376 4826 protinus
391 4754 554 4826 subjungit,
571 4754 631 4810 dulc
646 4762 672 4811 ll
688 4758 871 4828 wilellmi
884 4773 949 4829 bur·
1004 4765 1040 4822 de
1055 4761 1221 4820 visibilibus
1235 4760 1365 4818 inimicia
1392 4763 1452 4818 tuis
1474 4762 1544 4818 andi
1567 4765 1640 4835 quid
1660 4766 1738 4821 idem
1763 4767 1826 4839 ipse

18 4850 21 4857 '
126 4842 294 4899 turiensbd
306 4842 513 4911 bochortatur,
525 4846 557 4898 nt
567 4843 948 4902 contristenturseunndum
1004 4853 1083 4910 diost
1099 4867 1105 4907 :
1123 4853 1504 4922 maureconprepatsesunt
1523 4857 1613 4924 pentes
1634 4855 1742 4920 maim,
1764 4872 1825 4926 pue

128 4935 229 4998 Deum,
251 4932 280 4988 id
296 4937 341 4988 eat
352 4936 383 4988 ut
393 4932 423 4987 in
435 4931 554 4988 tristitia
564 4932 624 4990 sive
634 4932 733 4990 dolore
744 4933 950 4991 nonamittant
1003 4943 1098 5000 (lirant
1113 4939 1277 5012 :Lapidetur
1289 4947 1316 4994 el
1329 4940 1446 5010 aspiciat
1460 4941 1490 4995 in
1514 4940 1581 4997 Sion
1601 4944 1695 4999 oculus
1718 4952 1824 5002 noster.

126 5023 187 5096 apri
204 5023 355 5092 fiduciam,
371 5029 400 5081 et
414 5022 482 5081 iidsi
496 5025 654 5082 rationem.
673 5024 757 5082 Unde
772 5027 949 5094 natandum,
1003 5033 1059 5104 ipsi
1082 5046 1147 5087 uero
1167 5044 1223 5086 non
1245 5036 1430 5098 coprrouerunl
1452 5032 1631 5101 capitationes
1657 5034 1777 5102 Domini,
1798 5045 1826 5092 ct

126 5111 205 5184 quod
221 5128 279 5168 nnn
294 5112 366 5169 dicit
379 5112 427 5169 hiu
450 5113 653 5170 tautummodo
674 5117 754 5186 quasi
775 5117 948 5187 parturiens,
1003 5136 1058 5178 non
1082 5119 1280 5175 inutbmruns
1300 5118 1449 5174 conantium
1471 5120 1538 5190 ejus,
1560 5121 1626 5192 qnia
1649 5125 1827 5195 conprepaoit

125 5201 176 5257 sed
192 5200 262 5268 dole,
279 5201 386 5273 iuquit,
401 5208 428 5259 et
442 5207 545 5274 satape,
562 5202 591 5258 id
615 5207 658 5259 est
684 5204 714 5258 in
740 5204 840 5262 dolore
863 5221 947 5278 spem
1003 5225 1047 5267 eos
1062 5209 1143 5281 puori
1156 5214 1251 5277 tenum
1265 5220 1350 5263 areae.
1368 5205 1456 5276 Surpe
1479 5213 1507 5263 et
1535 5210 1638 5264 tritura
1664 5212 1725 5282 fitia
1748 5216 1827 5284 Sion,

126 5291 243 5348 sirmam
259 5296 337 5362 tene,
353 5292 494 5365 additque
508 5294 771 5364 quasiporturiens;
788 5296 857 5368 qnia
868 5295 948 5352 vide·
1004 5301 1069 5374 quia
1081 5312 1169 5354 cornu
1184 5298 1262 5350 tuum
1275 5310 1378 5366 ponam
1392 5297 1523 5367 terreum
1551 5299 1577 5352 et
1603 5299 1726 5370 amputas
1764 5310 1825 5358 tuas

127 5380 195 5438 iicet
208 5381 287 5438 sient
301 5380 469 5456 parturiens
481 5382 599 5438 tandem
613 5381 725 5439 doloris
738 5384 784 5440 sui
798 5383 876 5441 uidet
886 5385 948 5441 iru·
1003 5403 1102 5462 ponam
1117 5399 1219 5450 aereas,
1232 5388 1259 5440 et
1268 5385 1438 5441 comminues
1449 5386 1563 5457 populos
1579 5389 1690 5455 multos,
1701 5395 1729 5445 et
1743 5391 1828 5447 incon

124 5489 181 5543 em,
195 5480 219 5528 et
227 5493 235 5539 ι
267 5492 317 5531 om
331 5491 387 5532 nou
400 5473 531 5530 meminit
539 5489 678 5546 pressurae
688 5485 799 5550 propter
805 5479 948 5551 pendium,
1003 5478 1077 5550 teies
1091 5474 1208 5532 Domino
1222 5475 1336 5546 rapinas
1351 5490 1446 5532 aarum
1472 5479 1498 5530 et
1513 5476 1710 5545 fortitudinem
1724 5496 1821 5539 eorum

127 5563 195 5635 quta
211 5568 292 5617 natus
307 5565 346 5618 est
359 5568 437 5619 bomo
447 5563 476 5617 in
495 5562 629 5619 mundam
644 5563 733 5634 (loon.
755 5566 827 5633 xu1);
851 5565 890 5621 its
916 5569 948 5624 tu
1005 5567 1119 5624 minino
1136 5565 1274 5622 uniuersa
1299 5573 1393 5622 terra.
1422 5563 1490 5630 Quis
1516 5566 1571 5622 hae
1599 5568 1719 5640 nesciat,
1745 5573 1824 5643 qued
