3826 6014
94 197 153 276 ιιι
467 220 470 225 ·
644 162 819 264 saraam
839 195 1005 262 asparis
1027 199 1253 266 rn1r1nns1s
1737 203 1802 272 ras

96 347 148 392 aaa
159 331 188 388 in
200 347 233 389 eo
243 329 328 404 positi
340 330 412 402 lilio,
424 346 527 389 omnes
539 331 607 390 inde
618 331 648 388 in
660 348 694 389 eo
707 331 826 406 projecti
838 336 917 389 sunt.
935 306 1065 406 A'cnjus
1078 336 1231 393 suavitatis
1241 342 1292 395 aut
1302 336 1676 413 lenitatisinterpretstions
1686 356 1744 399 nan
1754 343 1787 404 in

98 423 179 482 Unde
194 424 269 495 apnd
287 424 391 480 lsaiam
408 424 516 481 dicitur
530 426 623 480 eidam
638 424 820 482 Hierusalem
833 441 840 482 :
853 423 919 481 Filii
973 422 1064 496 diget,
1082 426 1152 497 quia
1173 426 1316 496 videlicet,
1330 434 1360 485 et
1384 429 1408 486 si
1424 428 1544 486 verbum
1568 430 1623 487 hoo
1647 431 1797 490 interdum

98 515 142 573 iai
155 514 272 586 projecti
284 516 358 577 sant,
374 512 548 571 dormierant
562 514 593 570 in
618 517 707 586 capite
725 518 850 571 omnium
863 517 920 572 ai'a-
975 511 1202 570 nrieoricordiam
1214 515 1590 588 significarepotest,tamen
1600 516 1800 578 nullidubium

99 620 170 671 ram,
189 603 260 658 sicat
275 602 361 659 bestia
383 604 545 676 illaqueata,
561 603 638 675 pieni
657 605 850 679 indignatione
865 606 918 661 Do·
973 605 1024 657 aut
1035 601 1167 674 ignotum
1179 610 1223 660 est
1234 606 1304 677 quin
1317 608 1346 662 ia
1359 606 1410 663 itta
1419 607 1573 679 disjudicti
1582 609 1686 666 debeat
1698 611 1796 667 Domi·

96 695 177 762 mini,
195 696 380 765 increpatione
397 695 444 750 liei
456 694 502 750 tai
516 695 584 767 (isc.
600 696 637 766 v).
974 707 1028 748 nus
1041 707 1197 751 conuertere
1210 704 1405 768 omnespentm
1420 713 1480 770 qua
1495 698 1607 755 acciunt
1619 704 1716 756 contro
1734 702 1796 758 liic·

133 783 758 855 iudicittcporripetdominasirohitotorcs
791 786 918 843 liicruso·
972 781 1179 856 institimus
1195 788 1307 839 tunium
1332 794 1492 855 martyrum
1518 789 1691 860 sangninem
1715 791 1799 848 iude·

98 874 161 942 ὶιιιι,
177 879 204 930 et
217 876 271 930 crit
285 875 334 946 qni
348 874 491 947 ostenderit
506 891 541 931 cc
555 876 596 931 cis
606 878 637 930 in
647 875 693 932 die
707 874 763 932 itia
778 879 857 949 qacsi
867 878 920 933 un·
974 875 1043 927 runt
1053 876 1082 927 et
1092 873 1292 945 paenitentiam
1309 881 1511 946 subegerunt.
1534 877 1588 934 Sed
1604 885 1672 934 aute
1685 877 1741 936 hon
1751 895 1796 936 re·

93 964 154 1033 vid,
174 971 199 1020 ct
213 962 309 1020 domus
321 962 410 1020 Dauid
428 966 507 1037 qaoai
528 963 623 1020 domas
639 966 697 1036 ilci,
712 967 782 1022 sicut
802 965 920 1037 inpetus
973 960 1072 1034 liquiae
1086 977 1120 1019 ex
1133 964 1242 1020 iudicis
1256 965 1459 1022 conuertenda
1474 969 1554 1023 sunt.
1570 967 1699 1040 nitergo
1715 984 1724 1026 c

98 1055 211 1111 Domini
220 1055 248 1109 tn
259 1063 404 1127 conspecta
416 1071 523 1112 eoram.
537 1054 601 1112 Dies
614 1071 704 1129 quam
715 1055 762 1112 hic
772 1061 832 1112 tam
844 1073 920 1129 sapa
1009 1054 1041 1109 Et
1056 1053 1195 1127 effundam
1208 1071 1292 1127 saper
1303 1057 1417 1113 domum
1432 1057 1518 1114 Dauid
1528 1058 1797 1130 etsapcriniitnto·

99 1144 288 1216 prenuntiat,
297 1146 921 1217 tempusomneastaresurrectionerristi
974 1159 1020 1199 res
1031 1144 1202 1201 Hierusalem
1215 1146 1344 1216 spiritam
1361 1149 1464 1216 pratiae
1478 1151 1505 1204 ei
1518 1163 1640 1220 precum.
1656 1149 1719 1207 Non
1736 1149 1798 1223 qni·

25 1282 34 1291 .
100 1250 194 1306 usque
210 1234 245 1291 ad
262 1234 338 1291 diem
351 1235 468 1306 judicii,
483 1235 532 1308 qui
549 1235 613 1292 dies
627 1236 683 1292 erit
697 1236 921 1293 resurrectionis
976 1233 1041 1289 dem
1059 1234 1796 1305 modoauntdomusDavid,aivahabitatorcsliic·

1 1336 3 1343 “
98 1321 772 1396 universalis.Etenimhocomnatempusidem
782 1325 921 1383 ttondnus
975 1322 1097 1378 ruentem
1121 1324 1252 1395 quandiu
1276 1324 1418 1381 increduli
1442 1331 1524 1393 sunt,
1546 1328 1597 1383 sed
1620 1328 1796 1388 effundendo

100 1413 176 1486 apud
193 1413 297 1470 isaiam
315 1430 373 1469 uno
387 1414 550 1485 eodemque
564 1412 627 1470 loco
642 1415 757 1471 etdiem
774 1419 922 1487 nuncupat
977 1411 1324 1484 superraliquiaseorum
1339 1415 1582 1487 spiritnmprctiac
1594 1425 1620 1474 et
1635 1434 1760 1488 precum,
1770 1417 1798 1476 id

100 1507 129 1559 et
145 1514 271 1574 tempus,
282 1503 353 1558 dum
365 1501 454 1559 dicit:
476 1505 607 1575 Tempore
620 1513 727 1575 accepto
737 1503 871 1562 canaclivi
884 1509 922 1575 te,
976 1505 1021 1558 est
1030 1501 1167 1573 spiritum
1180 1502 1363 1559 remissionis
1373 1511 1556 1576 peccatorum
1568 1506 1659 1579 (quod
1671 1510 1798 1580 primam

99 1596 124 1650 ct
137 1595 168 1649 ic
181 1592 227 1649 dic
240 1593 341 1648 scintis
353 1593 453 1665 adiuvi
463 1604 487 1649 tc
498 1597 559 1663 tiso.
571 1596 657 1666 xcix).
670 1594 751 1659 Quod
762 1596 921 1668 Apostolus
978 1599 1007 1650 et
1021 1609 1161 1665 magnum
1177 1598 1223 1650 est
1238 1595 1340 1664 gratiae
1357 1594 1480 1669 donum)
1497 1597 1556 1664 ilai,
1569 1602 1600 1653 ut
1614 1600 1675 1655 sint
1693 1600 1799 1657 domus

102 1682 228 1740 breviter
242 1699 409 1755 exponens:
427 1685 494 1740 Ecce
506 1700 589 1750 nnnc,
615 1684 722 1757 inquit,
746 1688 853 1757 tempas
875 1704 921 1744 cc·
937 1701 961 1768 fl
979 1683 1066 1738 David
1082 1688 1114 1737 nt
1129 1683 1191 1738 sint
1202 1683 1383 1740 habitatores
1396 1675 1589 1743 iliarusaiem.
1601 1689 1737 1747 Posthac
1747 1689 1800 1746 erit

101 1772 320 1843 comoditatem
338 1787 410 1828 ironic
424 1772 482 1829 dics
502 1772 799 1846 antatisiltdor.v1).
817 1776 848 1832 in
868 1775 922 1833 boo
978 1772 1028 1829 illa
1043 1772 1106 1829 dies
1117 1772 1232 1844 judicii,
1249 1773 1285 1828 de
1302 1790 1361 1846 qua
1377 1774 1469 1831 dixit:
1487 1781 1520 1831 tc
1533 1776 1580 1832 dic
1600 1777 1652 1834 itin
1675 1794 1800 1850 quercia

99 1866 242 1933 tempore,
259 1860 289 1917 in
305 1860 363 1918 ista
375 1862 422 1918 dia
439 1865 565 1936 protegit
578 1861 721 1919 Dominus
743 1862 923 1923 habitatores
975 1873 1344 1937 mnucrcreomncipcnres,
1355 1879 1419 1937 quic
1430 1867 1649 1924 ocninotcontra
1660 1869 1800 1926 Hieruso-

101 1951 293 2025 Hierusalem,
309 1953 338 2010 id
355 1960 399 2010 est
414 1970 531 2011 omnem
544 1955 572 2012 in
587 1955 809 2013 seoredentium
821 1956 922 2014 multi·
976 1955 1039 2011 iem
1057 1953 1137 2009 Unde
1154 1953 1289 2026 protinus
1301 1956 1454 2028 sequitur:

101 2044 245 2111 tudinem,
261 2045 302 2100 ita
325 2044 476 2115 nimirum,
492 2050 534 2111 ut,
561 2044 637 2101 sicut
662 2046 820 2118 apostotus
842 2047 922 2116 dicit,
1012 2044 1044 2099 iit
1058 2044 1192 2115 aspicient
1204 2043 1243 2099 nd
1264 2059 1309 2100 nac
1335 2061 1414 2116 pacm
1436 2044 1621 2115 consecrant,
1637 2051 1666 2104 et
1683 2049 1798 2121 plancta

99 2135 180 2191 natta
194 2135 231 2190 sit
243 2133 383 2190 distinctio
406 2134 495 2192 iaciat
522 2138 551 2191 ct
574 2134 663 2193 Gracci
677 2137 765 2203 (tom.
781 2136 834 2209 rui.
850 2140 923 2193 Nam
973 2131 1190 2206 pionpanteam,
1212 2135 1292 2206 qumi
1308 2151 1393 2207 saper
1406 2138 1593 2206 unigenitum,
1617 2146 1643 2195 et
1669 2139 1801 2196 dolebam

100 2221 156 2281 hoo
171 2230 226 2291 est,
242 2222 322 2297 quod
336 2223 419 2289 dicit,
435 2232 461 2279 et
476 2225 528 2280 erit
541 2223 590 2297 qai
613 2225 757 2299 ostenderit
775 2242 813 2281 ec
834 2227 873 2283 eis
893 2229 921 2283 in
974 2239 1056 2294 saper
1068 2239 1132 2280 eam
1147 2232 1177 2279 at
1189 2223 1282 2280 doleri
1291 2225 1360 2281 solet
1371 2225 1402 2281 in
1417 2228 1700 2300 morteprimopcniti.
1711 2229 1744 2286 ln
1755 2229 1799 2286 dis

101 2313 214 2370 cicilia
237 2313 318 2386 qnasi
340 2313 438 2371 Dauid.
468 2315 548 2380 Quod
567 2314 607 2370 ita
630 2330 758 2387 congrue
779 2313 854 2371 valet
878 2316 923 2372 in·
976 2313 1027 2370 iilo
1041 2329 1157 2384 mopsus
1177 2315 1231 2371 crit
1243 2315 1371 2385 planctus
1387 2315 1546 2372 Adremmon
1562 2317 1594 2373 in
1615 2333 1715 2390 campo
1739 2323 1801 2376 iic·

101 2403 214 2478 telligit
231 2404 366 2472 Gentiiis,
383 2405 433 2474 qui
460 2404 584 2461 colenda
609 2406 688 2462 idola
710 2405 843 2472 attendit,
869 2409 924 2464 erit
975 2402 1070 2473 ceddo,
1082 2406 1108 2459 et
1121 2403 1798 2478 pionpcniterraeinmiiiae,etirrmiiiaescorsum.

103 2492 187 2565 quasi
201 2494 331 2562 iudeus,
348 2495 397 2568 qui
420 2511 476 2550 non
496 2493 551 2550 nisi
574 2509 664 2551 unum
681 2493 782 2561 coluit,
799 2496 876 2553 nude
894 2500 924 2552 et
975 2491 1106 2551 Familiae
1120 2492 1216 2548 domas
1236 2492 1322 2549 ltouid
1334 2509 1468 2562 scoriam,
1483 2495 1602 2564 inmitia
1628 2496 1725 2553 domus
1745 2497 1803 2556 tta·

104 2582 159 2639 sibi
184 2584 315 2652 confidit,
342 2592 370 2640 ot
396 2601 485 2657 super
510 2585 650 2658 gentilem
680 2599 711 2641 ss
739 2583 863 2648 extollit.
892 2585 922 2643 in
976 2583 1195 2647 thcnrseorsam,
1212 2584 1380 2641 similiores
1405 2600 1500 2641 corum
1522 2587 1800 2656 seorsum;[cmitiae

105 2676 220 2729 tautum
245 2678 277 2728 ut
300 2689 352 2745 pro
378 2673 429 2731 lite
456 2674 597 2741 sedanda,
625 2673 798 2748 apostolum
826 2675 923 2731 iortis·
975 2670 1070 2729 doinus
1084 2672 1148 2727 teni
1161 2685 1331 2738 scortumst
1350 2674 1479 2731 mulieres
1493 2691 1591 2732 eoram
1603 2676 1797 2734 mnemia·

105 2761 180 2819 sime
203 2763 356 2834 disserere,
386 2764 540 2820 scribendo
568 2763 727 2836 Epistulam
752 2764 789 2822 ad
817 2764 923 2820 Ruma-
975 2759 1163 2818 attisiensi
1176 2776 1310 2826 seorsum,
1324 2765 1351 2817 et
1364 2763 1495 2819 mulieres
1509 2779 1602 2820 corum
1617 2779 1749 2822 scorsum.
1766 2765 1801 2820 lit

7 2921 10 2926 ,
105 2871 170 2923 nos,
209 2869 329 2912 necesse
366 2854 463 2910 luerit.
488 2853 544 2911 Nec
576 2852 819 2926 pratereundum,
846 2851 924 2923 quod
976 2848 1802 2926 omncssamitiacreliquiaeiamiiiaeetsanctimoniam,

103 2947 179 3005 858
196 2960 316 3001 sensum
338 2942 480 3014 Apostoli,
496 2941 558 3008 ubi,
580 2944 815 2998 commemoratis
829 2941 924 3013 genti·
975 2943 1002 2996 ct
1017 2940 1143 2996 mriticres
1163 2955 1256 2996 coram
1274 2956 1408 2997 scorsum.
1427 2946 1460 2999 tt
1475 2942 1653 2999 Adcommon
1670 2944 1742 2999 urbs
1757 2947 1804 3000 est

101 3035 175 3101 lium
189 3033 323 3105 peccatis,
340 3047 498 3086 conversus
513 3031 547 3085 nd
563 3031 710 3096 tndaeum,
726 3030 795 3085 dicit
807 3047 814 3086 :
827 3031 857 3088 ln
871 3045 923 3102 qao
974 3029 1060 3101 juata
1074 3027 1217 3099 iecrahel,
1234 3046 1298 3102 qua
1314 3029 1369 3086 hoc
1385 3030 1457 3088 olim
1482 3032 1620 3089 vocabulo
1633 3036 1806 3103 nuncupata

103 3078 1032 3195 indiccsotteram,teipsamcondemncs,eodemcnimcpiscest,
1056 3124 1085 3173 et
1109 3118 1196 3174 bodie
1219 3125 1338 3175 vocatur
1361 3119 1617 3192 Maximianopolis
1639 3120 1670 3178 in
1697 3137 1804 3194 eampo

103 3228 164 3286 qne
189 3209 296 3278 iudicas
311 3210 398 3281 (iiam.
414 3209 455 3281 ιι),
471 3208 566 3278 illum,
585 3208 706 3281 inquam
730 3226 849 3267 sensum
876 3212 923 3268 hic
976 3208 1128 3281 Mageddo,
1140 3208 1169 3263 in
1187 3224 1244 3279 qno
1255 3208 1351 3266 iosias
1366 3226 1415 3266 rex
1426 3211 1526 3282 justus
1541 3228 1558 3267 a
1579 3212 1736 3278 Pharaone,
1757 3228 1806 3270 co·

101 3298 308 3369 hujuscemodi
334 3297 421 3354 dictio
446 3295 592 3353 subtiliter
615 3296 722 3365 innuit,
750 3301 852 3356 eterit
874 3306 923 3372 qui
977 3297 1804 3373 §nomentoliechamvulneratusast,suparquoiamen·

101 3388 338 3464 offenderitcxeis
353 3391 381 3444 in
392 3389 438 3446 dte
448 3389 498 3445 itta
511 3389 590 3460 qumi
601 3388 697 3445 uouit.
708 3393 780 3445 Nem
793 3396 822 3445 et
833 3390 921 3446 David
976 3388 1101 3444 tationes
1110 3387 1213 3444 scribit
1224 3388 1466 3461 hieremiasque
1478 3389 1650 3460 legunturin
1662 3390 1801 3461 Ecclesia,

8 3470 10 3474 ⁸
101 3479 231 3536 attendit.
243 3478 334 3550 Igitur
348 3478 491 3544 sicutiam
506 3481 682 3543 dictumest,
698 3484 794 3534 utnon
807 3480 922 3552 magni·
976 3484 1004 3533 et
1018 3477 1172 3548 scripsisse
1187 3493 1254 3532 aum
1271 3482 1395 3532 testatur
1421 3478 1493 3533 iiber
1508 3478 1751 3550 Paralipomenon
1766 3481 1807 3553 (ll

100 3566 153 3627 itca
168 3567 308 3639 glorietur
322 3569 427 3623 domus
445 3565 543 3633 nidd,
559 3572 588 3622 st
610 3567 702 3639 gloria
726 3567 920 3624 habitantium
976 3571 1148 3628 Poenum.
1164 3565 1218 3621 Sed
1237 3567 1369 3640 nunquid
1387 3568 1504 3638 qnando
1521 3566 1570 3623 ilat
1585 3570 1662 3640 quod
1689 3568 1738 3625 hic
1762 3568 1806 3626 la·

101 3657 295 3726 Hierusalem,
311 3664 413 3714 contra
426 3656 545 3727 iudam,
561 3657 601 3712 ita
616 3665 645 3714 at
663 3673 740 3714 nunc
763 3657 920 3716 dicandum
975 3664 1085 3729 qartus,
1101 3661 1127 3711 st
1136 3657 1271 3722 aspicient
1285 3656 1324 3710 nd
1336 3672 1379 3711 ins
1389 3672 1467 3727 qacm
1479 3658 1661 3726 coniurant,
1674 3668 1699 3714 ct
1721 3658 1808 3728 pinn-

101 3749 178 3823 qund
192 3745 367 3817 alteralteri,
380 3747 491 3803 scilicet
501 3747 619 3804 iudans
634 3747 747 3816 gentili,
760 3765 816 3805 non
830 3749 922 3819 possit
973 3750 1019 3802 ctu
1034 3746 1162 3816 pionpant
1174 3747 1254 3815 quasi
1267 3760 1351 3812 super
1373 3745 1551 3817 unipenitum
1566 3763 1574 3802 t
1590 3745 1738 3819 nunquid,
1756 3764 1804 3804 in·

4 3908 8 3913 ,
99 3823 239 3911 praeferri,
256 3837 395 3910 quoniam
411 3852 503 3892 omncs
517 3841 819 3909 peccaverantetcpcat
830 3839 921 3910 ptorin
974 3851 1063 3906 quan
1081 3850 1137 3889 non
1155 3834 1247 3905 major
1260 3833 1395 3904 planctus
1405 3835 1462 3890 erit
1473 3851 1561 3907 quam
1574 3836 1629 3891 iuit
1641 3853 1691 3907 pro
1705 3843 1805 3895 morta

1 3975 3 3980 ,
101 3927 322 4000 detinemini,
339 3932 367 3981 et
382 3928 422 3981 ita
436 3925 528 3982 tadei
547 3931 664 3997 peccata
683 3926 760 3981 sicut
778 3927 919 3998 gentilis:
973 3923 1805 3997 Juaiaaragisjustiitueritquidamplanctusillegrandis

99 4020 142 4074 lta
156 4016 276 4088 gentilis
292 4021 408 4087 peccata
424 4014 694 4071 remittentursicut
708 4013 722 4069 J
729 4022 811 4078 anai,
822 4029 872 4085 per
885 4014 918 4086 pi-
974 4021 1002 4070 at
1016 4013 1162 4084 sapienter
1177 4012 1348 4082 dispositus,
1366 4018 1395 4066 nt
1410 4015 1524 4085 [crinitur
1539 4014 1634 4070 domne
1650 4014 1748 4085 dauid,
1765 4019 1807 4072 ia·

97 4104 352 4162 semicinctiam
367 4104 470 4174 (itit),
486 4111 516 4160 et
527 4104 580 4160 hoo
592 4111 636 4159 est
647 4120 713 4160 euin
725 4105 774 4177 qui
791 4102 917 4160 attende·
974 4103 1054 4159 milia
1066 4102 1185 4176 regalis·
1196 4109 1226 4158 et
1236 4102 1355 4174 insaritis
1365 4102 1461 4159 domas
1472 4104 1647 4177 lintion,qui
1658 4107 1805 4177 propheta

97 4196 137 4251 rit
150 4209 215 4250 esse
229 4193 314 4265 quasi
329 4192 429 4259 David,
445 4194 532 4248 ltuvid
548 4196 623 4249 sicut
638 4209 705 4249 eum
721 4192 771 4269 qui
786 4193 917 4252 attendit.
974 4193 1048 4258 tuit;
1064 4198 1094 4248 et
1107 4192 1217 4262 primitia
1229 4197 1326 4248 doinus
1338 4193 1412 4255 tevi.
1425 4209 1460 4250 ex
1472 4210 1527 4265 quo
1538 4201 1635 4251 ortum
1646 4201 1804 4252 estseear·

98 4283 133 4339 itt
148 4298 183 4338 ne
200 4283 272 4338 torte
287 4282 376 4338 dicas.
390 4282 463 4347 Ouid
477 4299 615 4353 magnum
632 4290 751 4340 eatenm
767 4282 919 4357 quinden·
973 4281 1108 4349 dotium3
1124 4287 1153 4336 at
1163 4279 1276 4350 inmitia
1290 4281 1387 4336 domas
1402 4281 1504 4351 semei,
1520 4299 1555 4340 ex
1569 4300 1628 4357 quo
1643 4285 1800 4345 doctorum

99 4372 221 4429 ditasse
238 4371 315 4428 siout
333 4371 432 4434 David,
449 4371 478 4426 id
502 4376 556 4439 est,
581 4372 718 4438 gentilem
742 4372 844 4430 iudan
868 4389 919 4444 per
973 4367 1285 4444 agminapuilularunt
1297 4388 1304 4440 ;
1317 4373 1801 4450 etreliquia·inmitia,quas,quia

95 4463 198 4522 lesum
208 4460 356 4518 Christum
369 4461 397 4515 iu
409 4461 503 4530 gratia
513 4460 676 4531 coequari?
688 4466 821 4533 protinus
831 4463 918 4521 dicit:
933 4451 955 4516 [l
972 4477 1029 4518 non
1040 4459 1309 4532 habebantaiiquod
1319 4462 1672 4537 privilegiumnigntntia,
1685 4467 1803 4522 univer·

97 4553 129 4608 Et
143 4552 239 4607 domm
254 4548 339 4604 llauid
360 4551 440 4621 quasi
463 4548 557 4603 domus
572 4549 631 4612 lici,
645 4551 715 4604 sicat
736 4552 847 4622 capetus
864 4557 917 4609 tto·
971 4566 1020 4606 sas
1032 4555 1142 4622 absque
1158 4550 1276 4607 nomine
1291 4553 1512 4623 comprehendit
1538 4553 1709 4625 plangerent
1723 4572 1795 4612 eum

96 4642 170 4698 mini
184 4642 215 4695 in
229 4642 374 4711 conspecta
386 4654 489 4696 corrcm.
507 4637 720 4695 Gratulandum
737 4639 880 4711 igiturest
891 4640 916 4696 ei
971 4639 1025 4694 viri
1049 4655 1193 4706 seersum,
1209 4646 1238 4695 et
1259 4639 1390 4697 mutieres
1411 4657 1553 4698 seorsum:
1583 4660 1683 4700 aarum
1710 4646 1798 4716 plan·

97 4731 148 4806 qui
164 4729 295 4799 offendit,
310 4729 389 4802 quod
404 4731 442 4784 sit
456 4729 532 4783 siout
546 4728 649 4794 David,
661 4728 690 4784 id
706 4738 762 4796 est,
774 4729 852 4786 sicut
864 4733 917 4786 du·
972 4734 1036 4786 otus
1052 4729 1131 4785 illius
1144 4729 1312 4802 magnitudo
1324 4732 1658 4804 quantacunqusiuerit,
1671 4733 1745 4790 nihil
1757 4736 1797 4793 ad

97 4821 187 4886 daus,
201 4820 331 4891 ejusdem
349 4818 416 4874 lidoi
434 4819 519 4891 cujus
535 4818 590 4874 tait
608 4817 713 4887 Dauid,
730 4820 799 4891 quia
813 4835 915 4876 consa·
973 4818 1204 4892 magnitudinem
1223 4817 1357 4890 planctus
1374 4820 1474 4888 iutnri,
1497 4821 1614 4893 quando
1638 4821 1686 4879 illa
1714 4839 1800 4896 quem

97 4919 221 4984 quanter
235 4913 298 4982 ipse
313 4926 394 4982 reque
405 4909 494 4966 utilia
506 4910 643 4983 estquasi
662 4910 826 4967 domusDei
840 4910 917 4967 sicut
970 4909 1154 4979 coniecerant,
1178 4907 1365 4979 aspiciendus
1390 4911 1551 4983 apparebit.
1579 4913 1799 4973 Tantummodo

97 5001 220 5073 angelus
232 4998 358 5066 Domini,
368 5006 400 5056 ut
411 4998 544 5055 videlicet
558 5004 652 5055 unaet
663 4999 818 5055 unit‘ormis
829 5000 919 5056 socie·
972 5006 1090 5073 propter
1104 4997 1318 5073 aliquantulam
1331 4998 1613 5059 similitudinemhic
1623 5003 1704 5061 illiue
1715 5005 1798 5075 plan·

95 5095 141 5146 tas
156 5091 325 5161 angelorum
342 5092 371 5143 et
386 5087 550 5151 bominum,
567 5093 625 5143 tam
650 5088 807 5162 gentilium
830 5105 918 5162 quam
971 5093 1036 5145 ctus
1052 5090 1196 5157 meminit,
1214 5092 1247 5144 ut
1266 5087 1362 5144 solent
1376 5089 1523 5147 interdum
1540 5107 1590 5148 rex
1613 5095 1746 5151 maximas
1762 5114 1799 5155 ex

94 5173 916 5249 iudeorum,unasitdumus,uuacoelestisilierusslem,
972 5180 1162 5237 minimarum
1178 5196 1274 5236 rarum
1299 5179 1508 5239 assimilatione
1532 5181 1639 5241 melius
1658 5184 1799 5262 intelligi.

96 5268 199 5326 civitas
215 5266 263 5323 [tei
278 5266 413 5332 viventis,
429 5270 458 5321 et
472 5264 527 5321 hoo
541 5264 570 5320 in
587 5270 745 5338 conspecta
762 5282 875 5336 eorum,
887 5264 918 5323 id
971 5269 1126 5328 Minimum
1143 5269 1198 5326 init
1212 5268 1290 5344 quod
1301 5268 1436 5328 homines
1452 5270 1600 5330 hominem
1610 5272 1799 5351 plangentes,

59 5390 62 5395 ·
94 5365 139 5417 est
154 5359 183 5415 in
195 5356 305 5414 visione
316 5373 376 5430 qua
386 5371 489 5412 omnes
501 5355 710 5427 peritnrDaum
720 5357 873 5414 videbunt.
885 5357 919 5413 tt
972 5360 1091 5417 modum
1106 5358 1151 5418 vel
1165 5360 1301 5416 habitum
1317 5359 1365 5416 sui
1380 5359 1516 5433 planctus
1529 5362 1570 5419 ita
1585 5364 1799 5438 deposuerunt,

5 5484 9 5493 ·
93 5451 145 5508 erit
156 5451 184 5505 in
197 5447 241 5504 dis
256 5447 318 5515 iiio,
329 5462 451 5520 quaram
463 5453 622 5504 conuertere
637 5463 730 5505 omnes
744 5454 841 5518 pentes
855 5463 917 5522 qna
971 5447 1015 5506 vel
1030 5448 1152 5524 singula
1166 5447 1282 5507 tamilla
1297 5464 1444 5522 seorsum,
1455 5451 1700 5531 singularumque
1711 5456 1801 5520 lami·

91 5540 207 5599 ueniant
221 5542 317 5596 contra
331 5536 513 5598 terasciam.
530 5535 589 5597 lion
599 5536 780 5609 expositione
796 5537 855 5597 aive
867 5535 917 5596 ali-
971 5537 1077 5598 iiarum
1095 5539 1150 5598 vici
1166 5555 1312 5614 morsum,
1326 5543 1356 5598 at
1377 5539 1516 5603 mulieres
1536 5558 1637 5608 coram
1662 5563 1801 5613 misum
