3826 6014
93 185 172 247 teu
524 138 540 175 ⁵
592 178 798 244 oouuuar.
821 182 862 245 iri
885 182 1035 247 uarru.
1058 218 1098 236 -
1118 190 1194 251 nin.
1215 190 1296 263 xur,
1398 230 1401 235 -
1720 190 1799 249 aare

94 316 181 373 nibus
197 312 305 383 verbis,
315 312 401 383 Juxta
416 326 504 384 quem
519 311 640 368 modum
656 312 921 387 ethnicosquoque
935 318 1258 391 Aequemadmodom
1287 320 1399 390 dicunt,
1428 318 1468 374 ait
1496 318 1627 375 ioannes
1647 317 1800 390 apostolos

94 401 364 463 siveoomionsille
392 401 542 457 veritatem
573 402 727 459 nominare
758 403 924 476 potnit,di·
977 405 1801 481 (Apes.n)‚subauditnr,hiquieumcognoverunt,vel

94 511 164 552 cens
181 509 188 550 ι
977 497 1068 555 stulte
1082 498 1220 556 admirati
1231 495 1665 571 aoot.llxplorata,inquam,est
1675 496 1801 553 maximo

199 582 361 653 Obsequium
375 580 488 651 omues,
504 581 607 636 cultor
620 581 717 637 odium
728 582 815 653 parit.
978 589 1087 645 sanctis
1104 587 1346 662 prophetiaNam
1357 587 1387 642 in
1405 585 1551 643 Ezechiele
1563 588 1638 641 Deus
1648 585 1803 657 exprobrat

180 671 314 742 (Teneat.
326 668 424 737 Andr„
441 674 497 725 avt·
515 667 537 739 l,
554 685 633 725 soon·
652 671 677 737 1,
693 686 769 726 vers·
784 670 841 743 41).
978 676 1022 732 illi
1036 677 1221 734 subnomine
1234 676 1396 734 Pharaonis
1412 675 1488 747 regis
1512 674 1646 748 AEgypti:
1677 695 1692 726 «
1718 674 1802 743 Eleos,

132 760 215 818 Unde
225 776 293 832 ergo
306 758 348 815 vel
367 775 417 830 per
427 758 598 829 quidjuvari
610 757 716 815 melius
726 760 824 832 poesis
834 761 870 816 ad
881 776 927 816 co-
978 765 1087 838 inquit,
1103 783 1156 840 ego
1171 766 1207 822 ad
1223 772 1261 834 ts,
1278 765 1389 821 Pharao
1401 781 1450 820 rex
1460 764 1674 836 AEgppti,draco
1687 778 1803 835 magne,

96 848 296 922 gnoscendam
310 848 414 904 faciem
431 845 573 914 veritatis,
585 863 675 920 quam
691 864 726 904 ex
740 865 773 905 eo
788 850 865 921 qood
882 849 926 904 illi
978 856 1030 928 qui
1046 856 1137 911 cubas
1152 857 1182 912 in
1200 856 1297 912 medio
1325 854 1482 910 fluminum
1512 860 1641 920 tuorum,
1664 856 1693 908 et
1720 850 1803 922 diois,

96 941 265 1012 oppositum
281 942 336 1008 ost,
354 937 468 994 scilicet
483 952 518 992 ex
535 936 734 994 inconstantia
761 939 927 995 vanitatis?
980 961 1064 1001 meus
1080 950 1125 1001 ast
1139 944 1257 1014 fluvias,
1274 949 1368 1015 elego
1384 943 1437 1000 ieci
1454 943 1692 1014 memetipsum·
1707 945 1736 997 ει
1750 956 1805 996 nn-

96 1029 198 1099 Cujus,
215 1044 326 1101 quoso,
338 1025 476 1083 vanitatis
486 1025 500 1081 i
512 1031 557 1083 est
572 1025 651 1083 enim
662 1031 720 1083 tarn
732 1028 865 1099 amplum
878 1043 928 1084 oo·
978 1037 1181 1107 tornansque«
1194 1049 1228 1091 eo
1238 1034 1314 1104 quod
1327 1033 1454 1088 dixeris:
1469 1031 1588 1088 Florius
1610 1046 1695 1087 mens
1705 1035 1762 1100 eet,
1776 1032 1806 1084 st

98 1117 226 1174 manvei
242 1117 418 1190 signilloatio
433 1115 583 1185 vanitatis,
600 1121 633 1172 ot
645 1133 704 1172 non
720 1116 816 1172 solum
833 1117 928 1189 pban·
979 1138 1031 1192 ego
1047 1123 1100 1179 leci
1115 1138 1183 1179 enm
1198 1123 1305 1191 (ancb.
1321 1121 1409 1192 xxix).
1427 1143 1442 1171 ι»
1463 1120 1549 1191 Quid,
1574 1136 1654 1192 rogo,
1672 1127 1718 1176 eat
1732 1119 1808 1175 dice·

96 1212 225 1265 tasmala
235 1206 356 1277 diaboli,
368 1205 467 1279 qualia
482 1206 614 1262 sanarunt
627 1206 705 1278 magi
722 1207 925 1278 AEgypticrom
980 1228 1010 1267 rs
1026 1212 1115 1268 istum
1131 1213 1289 1269 draconem
1301 1227 1442 1284 magnum
1455 1223 1462 1268 t
1474 1231 1487 1261 ι
1500 1210 1583 1265 Meus
1594 1214 1638 1265 est
1647 1208 1766 1280 fluvius,
1778 1211 1808 1264 st

97 1312 196 1351 coram
212 1296 365 1351 Pharaone
380 1300 481 1351 contra
495 1295 650 1350 veritatem
680 1293 730 1350 oei
758 1294 861 1364 (deod.
877 1311 926 1363 vn,
980 1301 1198 1372 egomenum,
1220 1300 1543 1367 ·nistdieere,meum
1567 1303 1613 1354 est
1638 1297 1806 1353 humanum
1886 1292 1892 1303 '

98 1390 157 1459 viu)
168 1407 175 1456 ;
188 1403 288 1442 varum
305 1387 391 1442 etiarn
405 1393 585 1458 cunctaque
600 1386 676 1441 liunt
686 1386 742 1442 sub
764 1386 836 1453 sole,
853 1403 928 1442 vana
980 1404 1084 1460 genua,
1100 1398 1127 1445 ct
1142 1405 1196 1462 ego
1207 1389 1404 1446 leoiillnd‘lllt
1414 1389 1491 1444 unde
1503 1397 1589 1460 putas
1603 1385 1644 1442 illi
1659 1385 1809 1443 altitudini

100 1476 236 1532 dicantur
250 1484 277 1532 et
293 1475 371 1532 sint:
388 1497 403 1526 «
415 1473 536 1530 vanitas
545 1474 720 1541 vanitatum,
740 1475 815 1530 dixit
828 1473 929 1531 Eccle·
981 1478 1095 1533 Satanae
1111 1482 1143 1533 ut
1158 1477 1213 1535 hoc
1228 1479 1336 1534 audeat
1355 1477 1474 1534 diceret
1488 1478 1560 1533 Puta
1586 1477 1664 1547 quod
1686 1475 1809 1547 proinde

101 1565 218 1633 siastes‚
232 1565 345 1621 vanitas
360 1563 535 1629 vanitatum,
550 1569 579 1619 et
594 1563 691 1618 omnia
700 1563 815 1620 vanitas
829 1564 927 1633 (Eccle-
982 1568 1122 1640 glorietur
1133 1569 1187 1635 sio,
1201 1573 1377 1639 tantumque
1392 1568 1448 1624 sibi
1460 1571 1584 1639 arroget,
1602 1567 1671 1638 quia
1687 1565 1809 1636 nequis·

102 1657 133 1725 ι).
145 1677 160 1706 »
176 1655 211 1710 Et
225 1660 291 1728 post
315 1653 550 1711 enumerationes
580 1651 753 1718 multorum,
782 1669 846 1725 qna
873 1653 929 1709 sub
943 1685 967 1750 Β
983 1659 1078 1715 simus
1092 1662 1212 1714 venator
1226 1675 1278 1729 per
1292 1674 1325 1714 os
1353 1658 1499 1730 serpentia
1523 1655 1656 1726 sibilans,
1681 1655 1809 1712 radicem

101 1745 163 1803 sole
179 1746 276 1801 finnt:
296 1768 306 1793 ι
324 1742 402 1812 Vidi,
414 1743 520 1815 inquit,
534 1741 563 1797 in
580 1743 719 1799 omnibus
731 1742 888 1799 vanitatem
901 1745 929 1799 et
984 1754 1090 1802 nostrae
1105 1746 1267 1819 originisin
1279 1746 1384 1818 primis
1397 1743 1733 1819 parentibasvitiarit,ut
1747 1746 1809 1799 tam

101 1833 456 1901 allliotionemunimi,et
485 1830 559 1886 nibil
587 1848 758 1902 parmanere
785 1832 839 1887 sub
868 1830 928 1888 sols
983 1835 1138 1907 multiplex
1151 1836 1226 1891 ultra
1237 1852 1392 1892 numerum
1408 1839 1743 1905 succresceretpropago
1756 1846 1808 1904 go-

101 1924 193 1997 (ibid.)
205 1923 376 1979 »Nimirum
388 1928 569 1991 cunctaque
587 1937 644 1976 non
661 1925 844 1992 permanent,
862 1938 929 1992 pro·
983 1927 1062 1982 neria
1078 1925 1212 1994 bomani,
1229 1942 1318 1995 sopra
1337 1941 1504 1992 numerum,
1532 1925 1665 1994 inquam,
1692 1937 1806 1987 acrum,

102 2013 231 2087 pterboc
243 2013 340 2083 ipsum
352 2010 485 2080 quianon
497 2015 682 2082 permanent,
702 2026 776 2066 vana
800 2026 865 2066 esse
877 2010 927 2080 ju·
985 2033 998 2067 r
1015 2030 1090 2086 quos
1104 2013 1182 2070 Deus
1198 2013 1339 2086 praescivit
1355 2022 1382 2069 et
1411 2012 1625 2085 pradestinavit
1650 2010 1734 2082 regni
1762 2006 1807 2065 sui

103 2103 212 2158 dinavit
222 2120 229 2170 ς
241 2108 446 2157 verumtamen
462 2104 494 2155 ut
509 2099 568 2154 bac
583 2116 658 2155 vana
672 2113 737 2155 esse
747 2099 928 2172 judicentur,
983 2104 1206 2160 consorteslieri
1220 2103 1385 2175 (itomvin),
1399 2124 1413 2153 a
1423 2102 1593 2175 quosquein
1605 2100 1808 2157 bencdictione

103 2209 154 2248 seu
168 2189 306 2246 vanitatis
321 2193 494 2261 arguantur,
505 2205 561 2243 non
571 2193 630 2243 tam
643 2188 814 2259 temporalis
828 2188 929 2245 condi·
983 2192 1072 2265 jussit
1087 2193 1179 2261 nasci,
1198 2193 1374 2248 benedicens
1388 2192 1466 2248 enim
1484 2192 1578 2247 dixit:
1596 2212 1610 2240 ι(
1639 2188 1766 2246 Crescite
1780 2190 1810 2244 et

104 2281 144 2337 tio
158 2280 288 2353 ipsorum
302 2277 543 2351 quamcupiditas
554 2282 681 2333 meretur
692 2277 845 2333 bominum
857 2295 865 2348 3
878 2278 929 2349 qui
985 2283 1224 2355 multiplicamini
1239 2283 1315 2354 (Gerr.
1326 2285 1376 2353 nr).
1394 2305 1409 2333 »
1419 2283 1490 2338 Nam
1503 2298 1601 2338 revera
1621 2279 1646 2336 si
1669 2281 1809 2336 interces-

105 2368 323 2427 nimirumvani
337 2376 366 2423 et
382 2366 447 2424 lalsi
463 2371 544 2435 eunt,
555 2370 625 2423 dum
637 2366 665 2423 io
686 2383 787 2423 eorum
800 2384 853 2423 usu
870 2367 930 2423 eive
985 2372 1293 2443 sissetpravaricatio,
1308 2382 1425 2428 auctora
1440 2372 1491 2427 illo
1508 2374 1644 2443 serpente
1667 2367 1808 2439 maligno,

105 2456 927 2528 al'lluentiabeatitudinemeibiconstituereprasomunt.
985 2477 1044 2516 non
1058 2460 1182 2516 dixisset
1196 2461 1274 2517 Deus
1307 2460 1345 2516 ad
1374 2459 1553 2516 mulierem:
1580 2456 1809 2528 «Multiplioabo

108 2550 237 2621 bonique
252 2555 279 2604 ct
295 2547 440 2603 adificare
455 2547 567 2613 domos,
580 2550 608 2601 et
624 2544 756 2617 plantare
776 2545 887 2611 vineas,
903 2549 932 2601 et
985 2565 1134 2606 aerumnae
1146 2553 1214 2605 tuas
1225 2553 1255 2603 et
1269 2554 1429 2620 conceptus
1439 2546 1617 2617 tuoa(ib2d.)‚
1628 2566 1642 2595 a
1668 2560 1725 2599 noo
1742 2559 1810 2614 pro-

105 2639 200 2695 tacere
212 2636 313 2693 hortos
324 2641 353 2692 et
368 2634 499 2708 pomeria
515 2635 677 2707 possidere,
687 2651 785 2690 servos
801 2634 930 2691 etanoit·
986 2637 1119 2695 fluxisset
1134 2654 1168 2694 ex
1181 2638 1279 2693 earnis
1295 2637 1407 2709 liquore
1420 2642 1523 2691 tantus
1533 2635 1640 2690 fluvius
1655 2637 1737 2688 tanta
1758 2647 1809 2688 au-

105 2726 149 2783 las
166 2725 349 2797 multamque
365 2724 504 2780 familiam
518 2722 635 2790 habere,
651 2727 784 2780 armenia
803 2739 931 2796 quoque,
985 2722 1808 2802 perlinitalsabundana,imosuperabundansbumanum

104 2822 132 2873 et
150 2831 272 2888 magnos
287 2813 385 2870 ovium
401 2828 517 2885 greges,
546 2829 652 2869 aurum
682 2818 710 2868 et
733 2817 932 2885 argentumet
986 2812 1627 2891 genus.Sicvanusetmendaxnebuloille
1649 2809 1807 2882 malignus.

104 2905 286 2961 substantias
297 2902 664 2976 regumacprovinciarum
675 2905 703 2957 et
712 2907 814 2958 catera
826 2901 932 2973 hujus·
987 2913 1020 2962 ut
1035 2905 1155 2976 proinde
1164 2919 1258 2960 ausus
1268 2903 1307 2959 sit
1320 2903 1416 2959 dicero
1428 2904 1564 2958 lectorem
1577 2917 1608 2956 ac
1626 2899 1748 2955 humani
1760 2914 1809 2970 ge·

106 2995 356 3068 modi(Eocte.1i),
381 2993 475 3051 sancti
504 3008 619 3064 qnoque
643 2996 753 3064 patres,
771 2993 930 3060 Abraham,
987 2994 1276 3066 neria,proeoquia
1294 2992 1415 3048 vitiator
1441 2996 1487 3048 est
1517 2992 1652 3046 bumana
1675 2987 1808 3060 originis.

103 3087 196 3151 Isaeo,
212 3090 240 3140 ct
253 3083 355 3151 Jacob,
371 3088 401 3139 et
414 3082 480 3150 iob,
495 3085 524 3137 et
538 3080 627 3137 David
656 3081 804 3152 possidere
827 3062 967 3154 potue-C
988 3082 1088 3150 Qualis
1106 3087 1216 3152 anum,
1233 3099 1321 3152 quam
1338 3080 1416 3136 mala
1431 3083 1470 3137 sit
1491 3079 1613 3135 intentio
1637 3077 1680 3134 vel
1696 3092 1812 3149 semper

108 3178 188 3238 runt,
205 3189 257 3227 uec
274 3177 372 3228 tamen
388 3187 422 3226 ea
434 3170 610 3242 possidendo
624 3170 652 3225 in
667 3170 794 3226 vanitate
804 3169 936 3226 ambula·
986 3172 1084 3239 luerit,
1097 3172 1126 3226 in
1143 3170 1313 3243 operatione
1324 3171 1398 3226 tanti
1414 3169 1573 3225 adversarii
1591 3168 1648 3223 oin
1659 3167 1740 3222 omni
1750 3166 1809 3221 vir-

108 3266 223 3318 verunt.
241 3261 283 3316 Ad
300 3276 465 3327 summum,
484 3281 498 3312 a
512 3258 584 3313 vidit
599 3264 685 3327 Deus,
697 3259 935 3331 inquitSoriptu·
986 3265 1049 3318 tute
1064 3264 1093 3317 ct
1107 3260 1202 3332 signis
1217 3266 1244 3314 et
1259 3258 1402 3330 prodigiis
1417 3258 1618 3319 mendacibus.
1633 3261 1662 3312 et
1684 3256 1712 3310 in
1729 3254 1811 3311 omni

111 3370 153 3418 ra,
172 3356 351 3419 cunctaque
362 3348 479 3415 lecerat,
491 3349 613 3401 sterant
625 3345 792 3401 valdebona
803 3348 934 3418 (Geniis
987 3349 1157 3405 seductione
1173 3347 1338 3419 iniquitatis
1353 3348 1392 3414 (ll
1407 3346 1499 3402 Tbess.
1516 3346 1559 3418 ιι),
1575 3366 1590 3395 »
1611 3360 1732 3415 qnorum
1750 3343 1811 3415 pri·

112 3438 146 3492 Et
162 3437 197 3492 do
212 3435 285 3490 cibis
296 3429 602 3505 Apostolusloquitur.
613 3428 684 3500 qnia
697 3449 708 3477 r
720 3429 817 3485 omnis
829 3438 937 3487 natura
988 3453 1068 3493 mum
1086 3435 1157 3491 illud
1174 3452 1208 3490 ex
1224 3435 1385 3506 Scripturie
1401 3433 1672 3505 agnovimus,quod
1689 3447 1810 3504 serpen·

112 3526 162 3582 Dei
178 3525 256 3580 bona
269 3527 325 3590 est,
343 3526 372 3578 et
387 3519 461 3577 nibil
478 3518 681 3591 rejiciendum,
698 3518 775 3590 quod
791 3535 859 3575 com
873 3535 937 3591 gra·
988 3530 1046 3581 tem
1062 3524 1226 3595 ingressus,
1241 3528 1270 3578 et
1286 3539 1336 3594 per
1350 3538 1384 3578 os
1397 3523 1460 3592 ojus
1475 3518 1729 3588 locutus‚stnltam
1746 3535 1811 3574 mu·

112 3616 220 3672 tiaram
237 3615 348 3670 actione
378 3609 539 3684 percipitur
565 3611 593 3681 (l
618 3609 685 3665 Tim.
715 3611 762 3680 tv).
776 3632 791 3659 »
814 3608 889 3682 Ergo
904 3613 936 3664 ut
987 3607 1810 3682 lieriadmtrationemlecit,eamqueseduxit3ultimum

110 3703 452 3777 vanajndicentur,non
480 3700 611 3771 ipsorum
643 3702 759 3765 natura,
780 3700 832 3756 sed
861 3696 937 3754 male
987 3700 1499 3775 quodbominempeccati,scilioet
1526 3697 1750 3764 antichristum,
1770 3696 1814 3753 in·

112 3793 259 3851 utentium
276 3792 346 3847 lacit
360 3791 492 3855 auectus,
502 3788 620 3860 quando
636 3786 762 3843 nimium
777 3788 821 3844 vet
837 3804 937 3859 super·
987 3807 1146 3864 gressuros
1161 3794 1217 3858 est,
1228 3790 1453 3853 etseduccteoa,
1469 3787 1518 3859 qni
1526 3787 1609 3859 juste
1632 3788 1763 3858 pereant,
1778 3800 1813 3841 oo

110 3900 200 3941 vacue
215 3881 392 3953 diliguntur,
406 3878 540 3934 videlicet
551 3895 608 3949 pra
624 3877 860 3949 concupiscentia
875 3894 936 3934 car·
988 3881 1065 3953 quod
1081 3880 1255 3936 charitatem
1270 3877 1400 3934 veritatis
1412 3894 1468 3932 non
1480 3881 1652 3948 receperunt
1662 3874 1813 3932 credentes
1887 3878 1890 3883 ’

111 3976 169 4042 nie,
185 3977 213 4028 et
228 3968 463 4041 concupiscentia
479 3965 643 4033 oculorum,
659 3970 688 4022 et
708 3966 847 4039 superbia
862 3967 936 4024 vita.
989 3970 1154 4033 mendacio,
1166 3968 1340 4039 judicentur
1354 3966 1520 4039 omnesqui
1543 3982 1602 4021 non
1626 3964 1815 4020 crediderunt

111 4070 134 4117 Α
151 4061 260 4134 quibus
277 4076 330 4115 nos
347 4073 485 4113 revocans
499 4059 627 4111 loannes
642 4057 811 4127 apostolus:
832 4079 845 4107 a
862 4060 936 4122 Quo·
988 4058 1115 4127 veritati,
1127 4054 1815 4128 sedconsenseruntiniquitati‚qualis.inquam,

112 4152 202 4213 niam.
219 4150 326 4222 inquit,
343 4163 429 4204 omne
446 4145 522 4217 quod
541 4149 586 4201 est
598 4144 626 4199 io
645 4145 765 4213 nicodo,
781 4148 937 4219 concupis·
987 4147 1113 4204 intentio
1128 4149 1194 4218 ejus
1208 4147 1248 4202 sit
1261 4145 1305 4201 vel
1321 4145 1514 4216 luerit‚opera
1527 4143 1652 4216 pretium
1663 4147 1719 4211 est,
1735 4145 1764 4198 et
1777 4141 1814 4197 ad

112 4243 208 4298 centia
223 4241 320 4297 carnia
336 4245 392 4305 ast,
408 4245 436 4293 et
463 4235 701 4307 concupiscentia
726 4234 888 4304 oculorum,
909 4239 938 4292 et
988 4253 1117 4310 prosena
1134 4236 1285 4309 negotium
1301 4234 1424 4307 pertinet
1439 4234 1486 4290 bic
1503 4234 1627 4289 breviter
1640 4233 1813 4300 edicere,ut,

112 4330 250 4399 snperbia
265 4330 329 4383 vite
343 4329 365 4398 (l
380 4330 458 4384 icon.
474 4325 505 4395 vr)
524 4341 531 4380 :
549 4346 564 4374 »
579 4341 644 4395 qua
659 4339 715 4379 non
732 4327 778 4379 est
792 4341 825 4380 ex
841 4329 937 4395 Patre,
989 4329 1066 4383 siout
1080 4328 1262 4398 propositum
1278 4331 1333 4391 eat,
1350 4342 1401 4397 per
1416 4324 1471 4380 boc
1485 4323 1652 4397 oppositum
1666 4323 1774 4378 bonam
1785 4326 1814 4376 et

112 4419 161 4473 sed
179 4434 214 4473 ax
230 4418 339 4472 arundo
355 4420 409 4479 aet,
426 4438 440 4466 ι(
456 4421 484 4470 et
502 4414 631 4470 mundus
657 4412 764 4469 transit
789 4418 818 4468 et
831 4429 935 4470 concu-
950 4415 975 4478 D
990 4415 1089 4471 utilem
1099 4416 1293 4471 intentionem
1305 4413 1355 4469 Dei
1367 4412 1475 4469 alarius
1488 4428 1631 4484 queamus
1645 4424 1812 4475 agnoscere.

112 4508 256 4580 piacentia
271 4508 334 4576 eius
349 4504 441 4576 (itte.)
456 4524 470 4555 ι
990 4506 1053 4561 llaec
1064 4504 1204 4559 nimirum
1217 4503 1340 4559 intentio
1351 4504 1418 4573 ejus
1430 4501 1494 4569 luit,
1511 4517 1576 4572 quas
1585 4517 1663 4556 nuno
1674 4501 1815 4555 frustrata

146 4600 262 4652 Senrota
276 4596 366 4667 igitur
381 4592 541 4650 mediarum
559 4589 749 4645 multitudine
759 4590 932 4661 vanitatum,
990 4601 1035 4651 est
1045 4610 1096 4666 per
1109 4593 1212 4649 lesum
1223 4593 1418 4661 Christum,ut
1429 4596 1561 4646 creatura
1572 4603 1745 4661 cognoscere
1755 4603 1814 4643 non

112 4703 259 4743 summam
275 4686 443 4749 vanitatem,
459 4687 488 4738 et
502 4699 565 4754 qua
581 4686 658 4738 recta
677 4679 792 4736 dicatur
820 4682 934 4738 vanitas
991 4690 1089 4757 posset
1103 4683 1270 4738 Creatorem
1282 4697 1380 4737 suum.
1396 4682 1487 4747 Quam
1504 4679 1541 4736 ob
1553 4677 1695 4734 causam‘l
1711 4675 1815 4733 tideli-

110 4781 285 4842 vanitatum,
302 4773 450 4848 explorare
464 4771 546 4836 libet,
563 4775 709 4842 quatenus
722 4786 756 4825 ex
778 4769 936 4841 deprehen·
990 4773 1119 4845 estquis
1130 4788 1304 4845 cognoscere
1314 4771 1398 4826 illum
1409 4771 1468 4824 vita
1477 4776 1584 4824 aterna
1595 4770 1650 4836 est,
1664 4783 1751 4838 qoam
1768 4764 1817 4823 illc

113 4858 801 4934 sioneilliuavictapartianotiortlatbaecpars
821 4860 934 4928 victrix,
993 4868 1049 4920 Deo
1066 4867 1245 4920 mortuuset
1268 4861 1371 4917 mortis
1400 4863 1503 4915 auctor
1531 4858 1668 4914 omnibus
1697 4857 1815 4914 invidet.

112 4953 223 5010 scilicet
238 4952 343 5008 veritae
355 4947 544 5017 Dei,victoria
555 4945 671 5002 laudem
683 4946 788 5018 adepta
799 4949 935 5018 portasti·
992 4952 1118 5008 ilcontra
1132 4950 1257 5008 intentio
1273 4951 1320 5006 Dei
1332 4951 1361 5006 in
1372 4948 1451 5004 omni
1461 4946 1628 5018 operatione
1637 4963 1695 5003 suc
1708 4947 1820 5003 bonita-

113 5041 244 5098 monium
256 5040 347 5110 hujus
361 5038 424 5095 Filii
438 5034 577 5104 hominis,
593 5035 843 5107 quemadmodum
855 5037 936 5109 dixit,
993 5041 1042 5112 tie,
1056 5040 1178 5098 inomni
1195 5041 1300 5096 virtute
1316 5044 1346 5095 et
1358 5038 1462 5109 signis,
1474 5042 1504 5093 et
1513 5036 1656 5110 prodigiis
1666 5036 1818 5092 veracibus

112 5139 142 5188 ut
156 5149 245 5203 aripirn
256 5131 317 5201 jam
336 5127 472 5184 memini:
485 5149 498 5176 ι(
512 5124 608 5196 Egoin
635 5123 690 5179 hoc
703 5128 790 5179 notus
815 5142 891 5197 sum,
908 5132 937 5183 tt
994 5130 1023 5185 in
1041 5130 1179 5185 omnibus
1195 5147 1269 5200 quas
1285 5129 1417 5183 condidit
1434 5127 1592 5193 scripturis
1612 5126 1744 5180 veritatis
1759 5124 1820 5178 hac

111 5224 147 5280 ad
165 5222 217 5277 hoc
232 5221 295 5275 veni
312 5220 341 5274 in
353 5216 545 5284 maledicant
556 5215 757 5270 testimonium
767 5215 936 5287 perhibeam
994 5219 1050 5274 luit
1064 5223 1093 5274 et
1108 5223 1163 5286 est,
1181 5222 1213 5272 ut
1228 5221 1360 5272 creatura
1374 5219 1539 5273 Creatorem
1553 5230 1639 5271 suum
1658 5213 1820 5268 inveritate

111 5310 265 5369 veritati.»
284 5308 551 5381 Explorataest,et
580 5306 646 5378 ipss
665 5302 786 5361 altitudo
810 5308 936 5376 Satanae,
994 5313 1193 5381 cognosceret.
1205 5306 1298 5372 Quam
1314 5306 1415 5362 itidem
1445 5308 1481 5362 ob
1509 5302 1647 5361 causam?
1672 5301 1819 5359 Nimirum
