3832 6008
100 222 178 282 11⁴5
261 282 265 293 ,
772 218 982 281 GOMMENT.
1007 216 1046 277 tu
1067 216 1149 279 JOB.
1720 212 1802 273 tlte

133 376 146 402 ι
164 353 226 408 Non
242 349 482 424 investigabitur,
502 373 516 402 ιι
536 350 668 423 iuquam.
687 352 767 410 Unde
795 356 825 409 et
849 353 922 408 bene
938 349 964 416 Α
979 350 1114 406 dicebat:
1130 371 1143 403 ι
1157 350 1288 423 Abyssus
1304 349 1444 422 abyssum
1460 345 1585 414 invocat,
1601 345 1630 401 ln
1643 360 1712 401 voce
1726 349 1804 401 cate·

102 443 250 500 subditur.
980 446 1127 497 raotarum
1144 446 1261 497 tuarum
1279 440 1365 512 (Psoi.
1380 440 1448 509 xta),
1469 460 1483 487 ιι
1499 438 1527 492 id
1543 443 1588 493 est
1608 435 1638 492 in
1663 436 1801 509 praedicu-

134 540 223 593 Vsns.
238 540 265 593 5.
280 569 315 580 -
330 562 344 589 ιι
361 539 486 595 'locabit
500 544 577 595 Deus
593 539 622 595 in
634 556 702 596 voce
716 557 770 596 aue
782 537 923 595 mirabili·
980 531 1059 587 tione
1074 537 1253 587 sauctorum.
1270 530 1382 602 Abyssa
1399 529 1477 584 euim
1495 528 1635 600 abyssum
1657 525 1802 595 invocare,

100 632 154 684 aar,
168 651 182 677 »
199 628 329 684 Mirabile
342 644 470 699 namque
485 627 647 683 tonitruum
664 633 719 695 est,
736 630 813 700 quod
831 625 925 684 occul·
979 621 1067 676 estin
1084 637 1153 676 voce
1168 625 1393 687 cataractarum,
1405 619 1440 673 de
1457 616 1591 690 praesenti
1604 614 1716 687 Judicio
1733 630 1803 670 con·

99 717 170 773 tavi
191 727 319 773 mentem
337 718 499 772 humanam
516 718 592 773 Deua
620 716 924 789 incomprebensibili·
980 709 1107 765 scientia
1132 709 1373 766 convincentibus
1402 706 1626 779 praedicatorum
1651 702 1737 760 dictis
1766 702 1802 758 ad

102 812 147 862 ter
159 812 401 878 penetrat,quam
419 812 447 860 et
460 805 619 863 latentibus
632 808 762 864 motibus
775 805 881 879 premit
895 805 925 861 in
980 799 1054 854 m
1086 798 1216 855 futurum
1243 798 1440 854 damnationis
1463 795 1611 868 judicium
1641 793 1802 866 pervenire.

94 897 211 965 timore,
224 903 251 951 et
262 896 368 951 format
380 896 407 950 in
420 912 529 957 amore,
542 895 696 952 Mirantem
711 896 787 968 quod
799 894 883 951 audit
897 899 926 951 et
980 886 1094 944 Proluit!
1109 889 1254 944 sententia
1270 889 1306 943 de
1326 887 1468 960 pravitate
1486 882 1682 957 singulOlum·
1699 884 1733 937 ed
1759 882 1802 952 ip·

102 985 320 1057 quodammodo
336 986 482 1041 dicentem
499 985 573 1040 illud
589 987 667 1058 quod
684 987 761 1057 apud
776 989 874 1042 lloseu
890 985 926 1041 ds
980 994 1047 1035 sum
1065 977 1216 1049 pravitatis
1240 981 1389 1033 auctorem
1419 991 1515 1032 sermo
1544 972 1720 1038 deflectitur,
1735 986 1803 1028 cum

100 1092 208 1130 niannn
223 1075 446 1147 superveniente
462 1074 573 1129 dictum
602 1079 657 1141 est,
680 1097 694 1126 ι
711 1075 833 1143 Manbu,
849 1074 925 1145 quod
981 1063 1114 1137 protinus
1130 1064 1267 1120 subditur
1279 1082 1290 1118 ι·

98 1163 308 1232 interpretatur
328 1163 399 1235 quod
412 1169 451 1218 cet
467 1161 516 1218 boc
527 1163 614 1233 (licuit
629 1166 698 1234 xvi).
716 1185 731 1213 a
759 1165 831 1220 Cum
847 1164 926 1218 anim
1016 1164 1139 1221 Vaasd.
1150 1195 1184 1205 -
1197 1188 1208 1214 ι
1222 1159 1673 1236 ingrediaturbestialatibulum
1685 1173 1802 1225 sunm,·
1853 1176 1856 1181 ·

101 1269 210 1307 manna
221 1269 381 1322 supernum
394 1256 490 1309 animo
502 1252 732 1327 percipit,ipsam
746 1269 849 1310 novam
859 1268 928 1325 spe·
980 1253 1009 1310 id
1022 1259 1066 1311 est
1075 1253 1192 1310 invadet
1201 1253 1335 1309 diabolus
1345 1252 1448 1325 inlllne
1457 1251 1559 1307 mundi
1571 1250 1744 1305 damnatum
1756 1246 1806 1302 ho·

98 1341 172 1396 ciem
189 1358 248 1395 suae
270 1341 446 1409 relectionis,
469 1348 569 1414 utpote
595 1343 725 1398 tonantis
741 1342 792 1398 Dei
818 1358 926 1409 vocem,
981 1345 1090 1400 minem
1108 1342 1334 1400 antichristum.
1355 1342 1451 1399 Bestia
1467 1355 1595 1412 numque
1609 1338 1745 1394 diabolus
1760 1339 1805 1392 est

102 1432 292 1500 obstupescit.
311 1453 324 1480 ι
341 1430 396 1493 Oui
412 1430 507 1497 inciet,
524 1431 630 1501 innuit,
648 1448 755 1503 magna
767 1436 796 1487 et
812 1431 925 1487 inscru-
980 1434 1030 1506 qui
1047 1450 1099 1507 per
1114 1434 1313 1506 deceptionem
1332 1433 1416 1504 primi
1434 1430 1563 1487 bominis
1578 1427 1699 1485 humaui
1716 1442 1804 1499 gene·

99 1520 211 1587 labilia,
232 1542 245 1567 ιι
256 1519 326 1590 quia
337 1521 474 1576 videlicet
487 1520 615 1577 ostendit
629 1522 708 1578 loras
720 1522 925 1592 perlectionem
980 1523 1021 1580 ris
1035 1526 1123 1580 vitam
1136 1523 1267 1592 laniavit,
1280 1522 1328 1594 qui
1341 1539 1407 1578 cum
1422 1527 1487 1593 post
1502 1519 1739 1592 supradictarum
1752 1531 1805 1571 nu-

103 1609 209 1678 opcris,
227 1608 278 1664 sed
290 1608 360 1663 lutet
374 1609 452 1666 intus
466 1609 531 1683 ipsa
545 1609 674 1683 qualitas
689 1610 879 1684 operationis,
895 1613 925 1666 et
980 1611 1062 1669 bium
1079 1613 1253 1684 tonitruum,
1271 1612 1298 1667 id
1315 1616 1360 1669 eet
1376 1617 1442 1684 post
1456 1627 1540 1666 voces
1566 1607 1803 1680 praedicatorum,

99 1696 164 1751 licet
180 1696 271 1768 aliqui
290 1698 359 1752 loris
375 1698 509 1771 plantent
524 1706 575 1755 aut
591 1700 695 1772 rigent,
711 1699 791 1756 solus
807 1699 921 1772 ipsein·
942 1704 1129 1791 Bhominem
1146 1703 1230 1760 illum
1246 1703 1395 1769 invaserit,
1406 1701 1475 1774 quid
1488 1701 1544 1755 nisi
1559 1722 1572 1750 ιι
1591 1696 1684 1754 bestia
1695 1694 1802 1751 latibu-

98 1791 146 1841 lus
165 1787 379 1842 incrementum
396 1787 447 1843 dat
461 1787 484 1859 (l
500 1789 561 1845 Cor.
579 1791 632 1859 ttl).
647 1788 719 1855 Quia
738 1805 806 1846 vero
822 1789 859 1856 is,
875 1787 922 1843 cul
980 1792 1137 1851 lumauum
1150 1791 1353 1867 ingradiatur?
1365 1813 1379 1841 ιι
1390 1791 1492 1849 Nacad
1504 1796 1620 1861 tempus
1632 1808 1646 1837 ιι
1659 1783 1804 1857 ingredia.

98 1874 324 1947 gratiaSpiritus
334 1877 600 1950 sanctimagnillce,
612 1883 644 1934 ut
659 1878 924 1950 pradictumcst,ao
978 1890 1034 1950 tur,
1047 1906 1058 1936 ι
1073 1884 1124 1939 sed
1137 1887 1175 1953 et,
1190 1882 1267 1938 siout
1282 1880 1426 1953 sequitur,
1438 1902 1451 1931 ιι
1464 1880 1494 1935 in
1509 1886 1592 1934 antro
1607 1891 1661 1931 suo
1672 1871 1802 1929 morabi-

102 1963 276 2020 mirnbiliter
290 1967 411 2031 intonat,
431 1968 618 2036 postmodum
634 1965 761 2024 coelestis
782 1967 923 2023 doctrine
978 1980 1035 2041 tur,
1048 1995 1063 2022 a
1079 1972 1108 2029 id
1124 1977 1170 2028 eat
1184 1989 1241 2028 non
1259 1969 1508 2044 quemadmodum
1525 1968 1669 2023 bonorum
1685 1976 1802 2036 quoque

100 2054 185 2125 aquis
202 2055 343 2124 abundat,
364 2060 440 2110 recte
455 2054 485 2112 in
502 2055 586 2112 laude
601 2057 733 2127 ejusdem
749 2055 922 2126 intonantis,
978 2067 1091 2118 mentes
1107 2061 1217 2118 intrare
1232 2065 1337 2134 potest,
1348 2060 1456 2130 quibus
1467 2063 1565 2113 tenen
1576 2053 1728 2110 immorari
1743 2066 1800 2107 nnn

96 2148 125 2199 et
139 2143 233 2198 lucem
252 2144 459 2213 possidendam
477 2146 695 2213 annuntiantis,
711 2145 868 2203 subditur:
979 2156 1073 2225 potest
1085 2172 1092 2221 3
1102 2151 1154 2207 aed
1165 2151 1207 2207 aic
1224 2171 1236 2201 ι
1253 2148 1433 2206 latibulum»
1446 2147 1518 2203 illud
1535 2145 1580 2201 val
1591 2150 1709 2201 antrum
1724 2146 1802 2196 tana.

131 2240 220 2297 Vens.
235 2242 263 2295 6.
282 2272 314 2282 -
331 2242 410 2309 «Qui
426 2244 559 2316 praecipit
577 2245 671 2312 nint»
688 2245 718 2300 id
733 2251 777 2302 est
792 2244 923 2301 candida
978 2241 1020 2297 bit
1034 2241 1180 2313 intrando,
1198 2246 1230 2297 ut
1244 2242 1330 2298 etiam
1348 2240 1497 2315 possideat
1518 2254 1634 2308 semper
1662 2236 1800 2292 tenendo.

98 2341 264 2385 sanctorum
277 2330 411 2400 justitia,
428 2351 441 2384 ι
457 2338 488 2386 ut
502 2332 672 2400 descendat,
690 2355 705 2383 ιι
723 2333 858 2389 videlicet
871 2350 923 2405 pro
978 2331 1030 2397 Oui
1047 2336 1145 2388 tamen
1161 2331 1294 2387 omnium
1311 2330 1502 2403 reproborum
1514 2328 1603 2384 corda
1618 2327 1707 2384 etiam
1724 2338 1803 2380 uuna

100 2418 228 2474 fraterna
243 2419 395 2487 charitate,
410 2441 424 2469 ιι
435 2421 464 2475 iu
481 2426 602 2489 terram,
618 2443 632 2473 ιι
650 2421 679 2479 id
695 2424 783 2479 estad
800 2422 925 2479 humilia
978 2421 1151 2495 priusquam
1165 2426 1283 2492 apertus
1299 2424 1448 2493 appareat,
1476 2417 1560 2490 quasi
1583 2415 1733 2489 proprioru
1749 2430 1805 2470 an·

104 2509 321 2580 praedicationis
331 2512 428 2566 verba.
441 2511 531 2576 Quasi
541 2513 711 2569 enituuixiu
723 2530 790 2569 aere
801 2513 925 2570 lorniata
977 2516 1056 2566 trum
1072 2511 1214 2582 possidet,
1229 2510 1308 2566 verbi
1320 2509 1416 2581 gratia
1430 2508 1611 2574 Judoeorum,
1627 2505 1657 2561 in
1673 2519 1800 2576 quorum

100 2598 138 2653 ad
154 2605 259 2666 terras,
274 2600 310 2654 de
325 2599 434 2670 quibus
450 2600 601 2657 sublevata
617 2605 716 2674 utpote
729 2618 807 2674 equa
817 2603 922 2667 luerat,
978 2600 1027 2655 diu
1040 2597 1170 2654 consiliis
1186 2596 1281 2665 latuit,
1298 2597 1348 2652 scd
1363 2599 1479 2668 repente
1490 2593 1610 2651 vocibus
1625 2591 1722 2664 erupit
1732 2605 1803 2646 con·

102 2685 188 2752 redit,
205 2687 275 2743 dum
292 2689 560 2745 condescendentes
572 2689 646 2761 justi
663 2691 866 2762 peccatoribus
881 2706 924 2746 re·
979 2692 1023 2744 tra
1039 2687 1259 2759 Redemptorem
1276 2688 1408 2741 nostrum
1425 2682 1638 2739 clamantium:
1670 2701 1684 2730 a
1698 2678 1801 2736 Cruci·

103 2776 219 2830 minisci
235 2794 292 2832 non
309 2778 447 2833 desinunt
460 2779 530 2850 quid
542 2779 659 2835 luerint.
670 2780 752 2845 Quod
767 2796 833 2836 cum
849 2780 925 2836 lece·
978 2778 1045 2851 ilge,
1062 2777 1199 2842 crucillue
1215 2775 1291 2848 (tao
1306 2773 1398 2846 xxiii).
1413 2795 1428 2824 ιι
1444 2771 1536 2837 Quiet
1550 2771 1698 2835 eumdem.
1715 2782 1802 2840 (luem

103 2871 145 2920 ret
160 2865 278 2933 Paulus,
299 2866 459 2923 «Charitas
479 2869 568 2934 enim,
585 2869 692 2942 inquit,
713 2869 821 2926 Christi
840 2872 926 2942 urget
979 2865 1111 2939 legaliter
1124 2864 1294 2921 interimere
1308 2863 1365 2936 ipsi
1387 2879 1444 2918 non
1472 2864 1617 2933 poterant,
1638 2856 1804 2913 feriendum

104 2957 209 3023 noelli
223 2956 365 3028 Cor.v).»
383 2980 442 3008 -ι
460 2958 926 3032 Pracipitergoniviutdescen·
978 2959 1126 3030 gentibus,
1148 2956 1176 3012 id
1206 2961 1251 3013 eat
1274 2956 1411 3011 Romane
1441 2951 1577 3026 potestati
1606 2948 1803 3005 tradiderunt.

100 3045 161 3108 dat,
179 3066 193 3093 n
207 3045 403 3101 sicutdictum
420 3052 476 3111 est,
493 3068 508 3098 ι
523 3052 553 3103 et
564 3046 670 3105 hiemis
685 3048 801 3121 pluviis,
811 3070 826 3099 ιι
843 3049 871 3104 id
881 3053 925 3103 est
939 3091 961 3160 c
980 3047 1061 3104 Unde
1076 3054 1105 3103 et
1117 3052 1216 3120 aperte
1232 3045 1369 3103 subditur
1385 3060 1392 3101 :

98 3132 141 3187 illi
159 3150 222 3204 que
237 3133 306 3188 huic
321 3133 387 3190 vitae
405 3140 546 3207 tanquam
562 3136 663 3208 pluvia
686 3137 716 3193 in
733 3137 830 3193 bieme
844 3153 923 3194 oom-
1015 3146 1101 3204 vana.
1116 3146 1144 3202 9.
1160 3167 1220 3196 -ιι
1235 3144 1278 3200 Ab
1303 3141 1492 3200 interioribus
1510 3137 1679 3213 egredietur
1693 3142 1804 3206 tempe-

100 3227 182 3293 petit,
198 3229 368 3279 sanctorum
384 3225 595 3296 predicationi,
613 3243 678 3299 quas
691 3227 776 3298 quasi
787 3227 816 3283 iu
827 3230 928 3282 astate
980 3244 1040 3294 siaa
1055 3242 1085 3292 aa
1099 3237 1135 3292 ab
1152 3244 1267 3292 aratura
1282 3233 1416 3306 trigon»
1435 3231 1462 3288 id
1480 3236 1557 3287 asta
1577 3227 1686 3284 ludaeis
1703 3227 1804 3297 surget

98 3311 236 3374 cessabit,
253 3310 322 3365 dum
339 3312 367 3366 in
386 3314 485 3369 lutura
499 3316 560 3369 vita
576 3331 699 3372 necesse
715 3332 772 3371 non
789 3316 842 3371 erit
860 3332 926 3372 san·
980 3325 1093 3382 malitia
1109 3340 1298 3397 pernequam,
1314 3328 1344 3378 02
1358 3339 1375 3378 a
1389 3319 1549 3395 gentilibus
1571 3321 1702 3390 potestas
1726 3311 1804 3386 pari.
1903 3326 1907 3333 ·

100 3406 213 3455 ciorum
231 3417 284 3455 uos
303 3401 562 3471 predicationibus
577 3404 708 3460 irrorari·
726 3403 812 3461 Recte
826 3410 926 3460 sulem
982 3430 1073 3470 urens.
1090 3412 1163 3468 Nam
1180 3429 1230 3484 per
1242 3411 1392 3478 interiora,
1409 3405 1621 3464 scilicetauetri
1637 3402 1806 3473 :Scriptura

102 3497 235 3552 additur:
250 3502 304 3551 «ut
315 3497 399 3553 imbri
412 3499 594 3557 fortitudinis
607 3518 677 3558 sue.
687 3522 700 3553 ι
710 3504 808 3558 Imber
818 3501 928 3576 quippe
980 3502 1088 3574 quippe
1103 3517 1185 3556 sacra
1199 3516 1264 3555 cum
1281 3505 1381 3554 contra
1406 3502 1555 3552 arcturum
1585 3491 1727 3548 interiora
1741 3504 1803 3543 me·

103 3587 343 3642 fortitudiniaDei
354 3593 399 3643 est
411 3589 576 3660 praedicatio
590 3591 849 3658 divinitatis;vsrbi
862 3609 927 3664 gra·
981 3595 1086 3655 morat,
1102 3591 1246 3646 diversam
1263 3586 1411 3660 aquilonis
1427 3584 1558 3657 partibus
1574 3580 1668 3638 austri
1687 3578 1804 3650 plagam

103 3677 145 3731 tiu
163 3694 169 3732 :
189 3697 202 3728 ι
221 3680 252 3732 ln
270 3677 414 3748 principio
430 3684 492 3733 erat
511 3677 652 3747 Verbum,
669 3687 697 3736 et
713 3679 841 3736 Verbum
866 3684 929 3737 erat
981 3680 1115 3748 designat
1130 3696 1137 3734 :
1153 3695 1203 3750 per
1218 3677 1366 3744 interiora,
1392 3678 1527 3747 inquam,
1552 3670 1657 3734 austri,
1681 3683 1745 3738 ques
1759 3665 1803 3722 sol

106 3766 183 3836 ¹¹9¹ld
203 3772 303 3835 Deum,
323 3767 443 3822 θῑῦθῦθ
471 3773 533 3823 erui
556 3769 681 3826 Verbum
707 3771 796 3842 (loun.
815 3772 846 3843 ι).
863 3792 878 3820 ιι
895 3770 929 3826 tlt
981 3767 1242 3832 ierventiortenet,
1267 3766 1350 3838 plebs
1378 3764 1503 3821 iudaice
1530 3758 1708 3823 desiauatur,
1738 3769 1803 3826 quse

106 3856 179 3912 bene
197 3858 278 3930 ΡΡῙΠ8
296 3879 310 3908 ‘t
326 3857 432 3929 pluviis
446 3859 561 3926 hiemis,
578 3883 593 3910 ιι
608 3866 637 3917 et
653 3861 757 3918 deinde
773 3862 929 3935 precipere
981 3875 1074 3914 unum
1090 3857 1181 3913 Deum
1198 3860 1317 3911 noverat
1333 3854 1416 3926 quasi
1432 3849 1523 3908 solem
1539 3848 1651 3905 babens
1667 3843 1804 3901 meridia-

103 3944 187 4000 illum
205 3947 336 4003 asserit«
354 3947 439 4003 imbri
455 3949 635 4006 iortitudinis
648 3968 720 4021 aue,
734 3975 744 4000 ι
763 3952 832 4024 quia
847 3952 928 4007 vide·
981 3964 1068 4013 num3
1084 3963 1135 4017 per
1150 3949 1299 4000 arcturum
1317 3957 1396 4006 vero,
1411 3939 1441 3994 in
1458 3953 1545 4012 quem
1562 3935 1604 3991 sol
1631 3930 1802 3990 omnimodo

102 4035 171 4091 licet
182 4037 319 4108 quisquis
332 4039 367 4092 ab
377 4038 529 4094 intonante
540 4040 595 4095 Deo
604 4041 778 4113 completur,
787 4039 928 4112 paulatim
981 4051 1100 4092 cursum
1113 4050 1171 4090 uon
1183 4033 1281 4100 babet,
1293 4030 1412 4104 gentilis
1423 4027 1548 4100 populus
1558 4022 1742 4096 exprimitur,
1752 4017 1805 4091 qui

104 4125 134 4181 in
150 4126 272 4182 scientia
283 4128 347 4197 ejus
364 4127 570 4198 protelasset
585 4130 781 4186 mediocribus
801 4131 930 4186 assuels·
982 4126 1092 4183 nullam
1107 4126 1220 4182 habene
1236 4124 1283 4179 Dei
1296 4120 1461 4190 scientiam,
1474 4116 1554 4174 velut
1568 4116 1632 4171 sine
1644 4111 1706 4168 sole
1722 4109 1805 4182 lrigi·

103 4221 177 4280 ⁰1⁰8.
196 4217 314 4271 leudem
332 4216 360 4271 in
377 4217 484 4289 Spiritu
501 4224 603 4275 sancto
615 4219 703 4275 etiam
720 4219 928 4292 prolundaDel
981 4216 1036 4271 dus
1053 4220 1234 4272 remanserat
1246 4213 1302 4268 sub
1322 4210 1469 4284 aquilone.
1502 4229 1516 4257 ιι
1533 4205 1573 4260 eb
1602 4200 1806 4267 interioribus,

103 4311 252 4362 mutim?
267 4308 289 4378 (Ι
305 4307 364 4363 ⁶⁰²⁹·
380 4310 423 4378 1¹).
439 4314 471 4363 ul
486 4308 546 4380 ille,
562 4310 684 4381 uuijam
696 4327 784 4367 senex
801 4311 929 4368 scribere
981 4305 1113 4375 inquam,
1126 4312 1293 4376 tempestas,
1304 4309 1391 4375 atque
1402 4302 1438 4357 ab
1454 4304 1569 4355 arcturo
1583 4295 1704 4368 trigue»
1722 4290 1808 4366 prod·

105 4396 219 4466 meruit,
236 4418 250 4446 n
268 4397 296 4451 ¹¹¹
315 4397 457 4468 principio
473 4404 536 4454 erat
549 4400 687 4467 Verbum,
704 4423 719 4451 ιι
735 4401 813 4473 quod
841 4418 929 4457 evan·
980 4395 1024 4461 iit,
1041 4396 1124 4464 dum,
1140 4395 1219 4468 quod
1234 4411 1269 4450 ex
1283 4392 1393 4448 invidia
1406 4390 1510 4446 iudea
1524 4387 1618 4460 petiit,
1646 4385 1700 4440 boo
1714 4379 1807 4454 genti·

104 4485 214 4555 llsslifflss
231 4490 324 4539 lotum
343 4485 444 4557 procul
457 4488 547 4544 dubio
558 4489 678 4561 quidam
696 4490 800 4546 divinae
813 4490 928 4546 lortitu·
946 4473 969 4538 D
985 4484 1022 4541 lis
1033 4484 1125 4555 judex
1139 4501 1174 4540 ex
1188 4484 1320 4539 Romana
1334 4479 1508 4538 auctoritate
1524 4473 1711 4549 perpetrarit.
1735 4469 1808 4526 Con·

107 4572 186 4628 dinis
202 4573 297 4628 imber
311 4581 365 4643 ost,
381 4580 579 4648 atquinium
604 4579 640 4634 ab
665 4580 802 4636 audiente
817 4595 931 4650 quamn
986 4578 1031 4630 tra
1047 4591 1137 4644 quam
1154 4573 1295 4629 invidiam
1311 4569 1469 4628 subditur:

106 4661 294 4735 praedicante,
311 4679 399 4735 opera
417 4666 491 4722 bena
503 4667 590 4737 exigit
601 4667 690 4737 Deus,
708 4669 780 4725 bene
795 4674 862 4742 post
875 4669 931 4724 im·
1022 4673 1103 4728 llsas.
1120 4672 1164 4728 10.
1179 4701 1214 4713 -
1229 4693 1244 4720 ιι
1261 4668 1361 4726 Flanta
1375 4666 1446 4733 Dao,
1465 4663 1627 4722 concrescit
1650 4659 1729 4733 gelu,
1745 4678 1760 4707 ιι
1776 4654 1808 4710 id

105 4751 186 4807 brem
204 4752 420 4822 praedicationis
436 4754 594 4812 subditur:
984 4767 1030 4820 est
1044 4763 1153 4835 Spiritu
1183 4766 1285 4818 saneto
1315 4761 1462 4832 aspirante
1491 4755 1639 4820 lidelibus,
1666 4746 1808 4823 gravioria

140 4851 351 4908 V2R⁸·7··“
373 4852 426 4920 Qui
448 4852 625 4925 inmundo
655 4856 686 4912 id
714 4866 757 4914 est
785 4859 929 4931 inopere,
984 4852 1100 4910 invidie
1116 4856 1217 4925 torpor
1233 4848 1360 4906 excrevit
1374 4845 1536 4905 infidelium
1549 4842 1709 4907 mentibus,
1726 4834 1808 4894 verbi

105 4963 119 4990 ι
137 4943 271 4996 omnium
299 4941 465 5008 bominum,
484 4965 498 4993 ιι
520 4944 655 5002 videlicet
677 4952 736 5003 tam
762 4949 929 5009 doctorum,
984 4943 1168 5016 gratianum
1187 4941 1352 4997 invidentes
1380 4938 1511 4995 dicerent
1526 4952 1533 4993 :
1550 4959 1565 4987 ι
1580 4935 1652 4991 dccc
1677 4929 1807 4986 mundus

105 5032 406 5100 qnamauditorum,»
420 5033 530 5105 signat,
542 5037 832 5111 utnoverintsinguli
843 5054 931 5110 opera
985 5036 1064 5088 totus
1077 5036 1144 5104 post
1158 5047 1224 5087 eum
1248 5029 1321 5086 abiit
1344 5029 1431 5098 (loon.
1460 5030 1521 5096 xri),
1537 5047 1552 5076 ιι
1569 5028 1597 5080 et
1615 5019 1734 5079 similia.
1750 5016 1806 5076 Sed

105 5135 169 5185 sue,
185 5141 199 5168 ιι
210 5120 333 5186 scilicet,
345 5140 360 5173 ιι
373 5127 405 5176 ut
415 5122 537 5195 recipiat
548 5126 754 5199 unusquisque
765 5132 851 5199 prout
863 5143 930 5199 gea-
985 5120 1055 5192 quia
1065 5120 1160 5191 potuit
1173 5124 1248 5176 tleue
1263 5123 1379 5174 tuntum
1395 5115 1460 5188 palu
1476 5112 1661 5171 inlldelitatis
1684 5110 1807 5172 solvere,

105 5208 154 5271 Sil.
171 5209 231 5263 lile
247 5209 367 5277 bonum,
384 5211 445 5266 Sive
459 5212 570 5268 mulum
586 5216 622 5284 lll
639 5214 703 5287 Cor)
725 5221 762 5285 vl.
780 5237 795 5265 ι
810 5246 845 5257 -
860 5239 874 5266 ι
889 5216 919 5271 Si
985 5218 1013 5265 et
1028 5210 1063 5264 ad
1085 5208 1244 5265 amandum
1261 5223 1292 5263 se
1306 5203 1469 5262 infidelium
1494 5205 1583 5260 corda
1607 5202 1729 5272 liquare,
1745 5217 1760 5247 ιι
1776 5194 1809 5249 lit

103 5302 184 5367 goat,
196 5297 329 5369 inquam,
342 5298 369 5352 iu
385 5315 487 5369 mauu,
501 5327 510 5353 ι
529 5301 608 5373 quod
624 5311 712 5372 recte,
729 5309 829 5376 utpote
839 5305 875 5360 de
887 5321 930 5362 ra·
986 5314 1117 5364 rursum,
1132 5297 1241 5370 inquit,
1257 5295 1401 5352 latissime
1416 5295 1683 5362 tundunturaquae,
1697 5285 1809 5339 »idest

102 5385 206 5440 tioneli
217 5394 360 5453 creatura,
374 5387 494 5458 dicitur,
507 5408 571 5463 quae
583 5392 716 5448 videlicet
731 5393 853 5448 naturali
868 5392 932 5466 lega
986 5403 1052 5459 que
1068 5386 1222 5459 congelata
1235 5390 1320 5442 eraut
1333 5384 1421 5441 corda
1443 5400 1478 5440 ex
1504 5379 1688 5442 infidelitate,
1704 5387 1809 5429 rursus

106 5473 216 5529 nescire
230 5492 285 5530 non
299 5475 488 5544 permtitilur,
500 5493 552 5534 seu
565 5496 696 5551 pravum,
708 5496 759 5538 seu
772 5485 883 5536 rectum
893 5481 932 5538 ait
985 5474 1154 5549 liquescunt
1168 5492 1220 5548 per
1234 5474 1363 5531 lamenta
1383 5471 1568 5546 peanitentiae,
1581 5473 1666 5539 juxta
1686 5462 1760 5519 illud
1776 5461 1805 5517 iu

104 5554 186 5626 quod
202 5561 348 5627 operatur.
368 5557 450 5623 Quod
465 5559 589 5618 tortasse
603 5560 760 5619 Psalmista
773 5560 930 5621 intendens
985 5566 1116 5638 psalmo:
1134 5565 1307 5632 «Converte,
1326 5557 1805 5633 uomina,oapuviiatamnoatram
