3826 6014
116 182 119 187 ’
152 215 194 277 cs
705 219 879 287 aureosi
902 210 1068 277 seueris
1090 209 1312 274 rurrrsnsts
1820 220 1860 281 os

154 348 299 419 etton'llttm
313 352 451 424 accipietis
465 354 556 425 (ioan.
575 356 613 427 v).
642 356 730 414 Porro
758 356 891 413 Christus
916 350 982 408 ilios
997 348 1023 416 Α
1037 343 1174 413 volentis,
1185 349 1291 402 ettunc
1301 343 1420 402 demum
1432 363 1496 420 ques
1508 349 1623 406 minore
1633 348 1676 405 vei
1686 351 1861 411 secundarie

154 439 228 495 hene
243 449 400 514 exspectat,
416 443 549 500 videlicet
565 445 657 501 donec
674 447 824 518 plenitudo
848 442 980 516 gentium
1033 444 1102 491 sunt
1123 433 1359 506 prophetavitrei
1375 437 1504 509 scripsit,
1521 438 1632 494 scilicet
1643 438 1801 497 instantem
1813 457 1861 499 ce·

153 532 289 591 introeat,
308 534 432 600 crepitus,
449 534 542 606 inquit
559 536 727 607 Apostolus.
740 552 776 592 eu
798 542 878 608 parte
892 529 981 587 conti·
1034 524 1194 595 ptivituteur
1211 521 1348 595 populiis
1361 523 1549 598 Bebpioniem
1562 529 1808 600 transmigraturi.
1822 532 1860 588 Tu

149 623 191 693 pit
203 626 233 679 iu
248 625 342 689 irruet,
357 623 441 679 donec
456 625 600 697 plenitudo
612 624 736 697 pontium
751 627 879 688 intraret,
895 630 922 678 et
943 621 983 676 sic
1032 629 1107 686 erno,
1124 614 1229 683 intttib
1244 614 1287 684 fili
1301 616 1432 675 hominii·
1446 617 1493 688 [¹1⁶
1510 616 1563 673 libi
1586 634 1652 673 vata
1674 619 1859 694 ittntmt'pttt·

151 712 241 768 omnir
257 714 342 770 israel
357 715 449 770 suiuus
462 714 539 785 fieret
552 716 641 781 (dom.
657 715 705 786 xi).
729 714 789 772 Hoc
813 713 911 785 ipsum
936 713 981 765 est
1033 708 1128 774 tionis.
1142 715 1169 763 et
1181 708 1395 776 transmiprahie
1406 723 1457 778 per
1469 707 1541 765 diem
1563 725 1656 766 coram
1681 713 1724 767 eis
1750 712 1859 785 (Erech.

152 801 229 874 quod
246 802 293 858 hio
307 802 446 859 continuo
461 803 638 875 subiungit:
656 805 687 860 iit
700 809 760 876 post
772 807 833 861 nec
846 805 983 857 reuerten-
1033 794 1231 868 xri).eto.Ait
1255 795 1373 867 tteqoe:
1397 795 1496 852 Audite
1514 798 1627 855 uerbum
1653 799 1773 868 Domini,
1802 802 1860 874 pter

151 893 197 945 tur
209 891 266 961 fittt
279 891 376 957 israel,
390 899 552 964 struerent
568 893 714 949 Dominum
731 892 819 948 Deam
834 906 928 954 suum,
953 897 982 943 et
1033 884 1132 952 isreel,
1155 885 1223 955 quia
1247 883 1391 956 judicium
1414 884 1532 942 Domino
1564 903 1626 943 cum
1655 890 1859 949 incitatoribus

152 978 240 1036 Dauid
253 996 347 1052 sepem
357 996 437 1037 suum
448 997 460 1044 .·
481 987 507 1038 et
530 982 667 1053 pavebant
681 981 717 1038 ad
733 979 888 1050 Dominum,
903 976 982 1034 etad
1033 978 1127 1032 terre.
1143 973 1207 1029 Filii
1224 973 1453 1045 tarsatiensem
1465 974 1495 1031 in
1510 975 1709 1048 captivitatem
1720 979 1860 1051 ducendi.

152 1068 252 1125 denum
266 1071 325 1141 ejas
340 1071 369 1126 in
379 1071 530 1127 nouissimo
542 1071 661 1128 atemm.
674 1071 848 1127 tutereerran
856 1067 982 1142 [ornicu-
1033 1065 1142 1136 quibus
1158 1079 1215 1120 non
1232 1063 1320 1119 addet
1333 1063 1478 1121 Dominus
1494 1063 1571 1122 ultre
1586 1065 1728 1134 misereri,
1750 1069 1860 1142 quibus

151 1159 236 1227 ieris,
253 1159 358 1231 inquit,
374 1163 401 1215 et
415 1175 470 1216 reon
483 1161 540 1217 eris
555 1159 625 1218 niro.
641 1159 700 1216 Hoc
715 1164 771 1230 est,
787 1175 840 1216 nee
863 1160 978 1214 emeto-
1033 1152 1106 1210 dicit
1122 1152 1282 1210 Dominus:
1298 1157 1359 1211 tion
1372 1155 1490 1226 populas
1505 1170 1582 1212 meas
1596 1172 1658 1228 νοις
1676 1157 1775 1215 eudite
1793 1175 1860 1216 ser·

149 1248 367 1323 ribusturpiter
383 1258 409 1307 te
424 1252 593 1324 prostitues,
609 1267 662 1308 neo
678 1249 751 1308 mihi
768 1249 899 1324 legitimo
920 1248 981 1305 viro
1033 1241 1241 1311 humDomini;
1252 1241 1859 1318 euditeetecitotequiejudiciovobiscum

150 1339 375 1413 conjungemus
386 1356 444 1413 quo
456 1341 651 1397 conductees.
664 1339 731 1396 Istis
742 1338 982 1412 nemqusdiebus
1032 1341 1140 1414 egitur,
1155 1341 1226 1415 quie
1239 1357 1292 1398 vos
1303 1357 1361 1398 uon
1377 1341 1440 1398 sine
1455 1358 1544 1400 oense
1559 1342 1695 1416 petimini
1704 1349 1755 1402 eut
1767 1347 1860 1419 petie·

151 1426 242 1485 Iereei
257 1427 318 1484 sire
333 1432 484 1502 synogoga
499 1445 595 1502 neque
608 1429 771 1485 fornicetur
784 1427 900 1501 publice
914 1442 982 1483 cum
1034 1431 1117 1498 mini,
1135 1433 1185 1491 sed
1203 1430 1304 1487 mnitie
1319 1432 1417 1488 causis
1432 1434 1676 1505 precedentibus.
1701 1437 1808 1494 Audite
1830 1440 1861 1494 et

152 1517 234 1586 uest,
247 1518 308 1575 sire
322 1535 389 1576 eum
404 1519 504 1577 uituiis
519 1520 626 1590 eureis,
640 1520 718 1577 sient
741 1525 812 1575 tuno
837 1517 980 1586 ieoiebet3
1033 1521 1309 1588 scitotevos,eudiet
1319 1526 1348 1577 et
1358 1521 1432 1578 sciet
1442 1523 1522 1578 orbis
1535 1522 1860 1601 uniuersusomnesque

152 1622 247 1679 neque
261 1608 324 1665 viro
338 1625 392 1666 suo
405 1609 520 1666 Christo
535 1614 591 1674 est.
606 1624 639 1666 ec
654 1608 775 1682 periodo
793 1623 846 1664 nse
865 1607 981 1663 Patrem
1032 1611 1246 1688 generationes,
1263 1619 1322 1670 tem
1339 1619 1497 1685 presentes
1512 1630 1601 1687 quem
1621 1616 1735 1686 tutores,
1753 1635 1859 1676 censes

149 1695 258 1753 Christi
275 1696 366 1755 Deum
384 1698 480 1755 hebet.
494 1702 564 1756 Post
579 1699 651 1755 istos
666 1698 740 1767 dies,
756 1697 817 1755 siue
833 1702 899 1769 post
919 1696 980 1752 bec
995 1720 1019 1786 B
1034 1718 1098 1759 esse
1110 1718 1234 1775 magnes
1252 1707 1455 1776 propterqnss
1466 1703 1652 1777 retiquemini
1667 1706 1779 1779 ubsque
1803 1707 1859 1765 mi·

149 1792 343 1857 revertentur,
359 1794 391 1844 ut
401 1789 464 1860 jem
476 1789 587 1846 dicium
603 1789 815 1862 Cei‚quie‚cttm
828 1787 979 1860 plenitudo
1033 1792 1203 1861 seriem-die,
1217 1798 1336 1866 propter
1346 1810 1419 1864 quae
1435 1793 1559 1851 Domino
1569 1795 1722 1853 vobisdum
1733 1797 1772 1855 sit
1777 1797 1858 1867 judi.

148 1876 281 1948 gentium
298 1876 462 1941 intraverit.
474 1882 607 1950 querunt
619 1877 773 1934 Dominum
785 1876 876 1934 Deum
888 1891 977 1932 suum
1033 1884 1110 1940 cium
1127 1883 1191 1938 eins
1207 1882 1419 1939 misericordie.
1433 1882 1568 1948 Quonam
1588 1883 1646 1942 ilice
1662 1890 1732 1942 sunt
1745 1885 1860 1946 esusst

150 1967 180 2019 et
196 1965 284 2021 David
301 1981 398 2038 regens
412 1982 510 2034 suum,
526 1967 556 2022 id
571 1970 617 2022 est
631 1966 723 2023 Deum
745 1970 861 2022 Patrem
885 1969 914 2020 et
932 1963 978 2019 Fi·
1033 1972 1094 2028 nit:
1121 1973 1179 2029 Non
1201 1979 1240 2028 est
1254 1972 1562 2039 enimueritas,etnon
1584 1983 1625 2032 est
1653 1974 1860 2050 misericordia,

55 2104 61 2121 ,
148 2049 222 2109 lium
235 2055 300 2125 ejus
316 2055 546 2121 confltebuntur.
560 2055 834 2112 iesumChristum.
851 2055 884 2110 iit
896 2069 979 2125 paue-
1032 2070 1058 2121 οι
1072 2078 1129 2117 non
1143 2066 1183 2118 est
1197 2063 1313 2117 scientia
1328 2062 1377 2117 Det
1391 2063 1419 2118 in
1434 2067 1520 2131 terro,
1536 2072 1591 2120 eto.
1608 2065 1774 2138 Antequam
1786 2082 1857 2123 cen-

149 2141 226 2210 iant,
244 2143 349 2214 inquit,
361 2144 397 2201 od
412 2146 558 2201 Dominum
571 2151 598 2202 et
621 2146 656 2201 ad
681 2145 783 2201 bonum
808 2145 869 2216 ejus
884 2147 914 2200 in
929 2160 979 2200 uo·
1033 2149 1261 2221 seshujusmodi
1273 2151 1649 2221 pertractemuspciendum
1659 2158 1704 2210 est
1714 2153 1784 2225 quie
1795 2169 1858 2227 peo-

147 2237 262 2296 oisemo
275 2240 393 2298 dieram.
410 2242 530 2298 Duobus
548 2241 693 2315 personis,
708 2239 821 2297 scilicet
847 2239 924 2296 Petri
948 2243 979 2296 et
1032 2250 1097 2299 cete
1112 2240 1213 2315 popuii
1228 2241 1308 2297 iltius
1329 2258 1385 2298 noo
1400 2242 1525 2311 minore,
1541 2260 1630 2316 quem
1646 2245 1777 2316 gentium
1790 2262 1857 2318 pec·

148 2327 221 2385 Fiiio
235 2329 351 2386 tertium
364 2331 488 2397 eddidit,
504 2332 532 2388 id
547 2339 591 2388 est
605 2330 745 2403 Spiritum
757 2329 977 2387 senetumdum
1032 2337 1097 2389 cete
1113 2331 1248 2402 percutit.
1264 2335 1294 2388 et
1308 2331 1338 2387 in
1353 2330 1415 2388 sote
1430 2332 1538 2388 Christi
1553 2333 1620 2401 tide,
1641 2349 1692 2406 per
1712 2350 1803 2407 qoem
1827 2338 1857 2392 et

41 2418 44 2423 '
148 2417 320 2491 premisso:
337 2421 667 2493 tonussemitonium
689 2418 977 2477 Deamsuarnetita·
1031 2421 1188 2489 Abrebem,
1211 2426 1368 2492 numquam
1389 2420 1657 2489 circumcideretur,
1675 2422 1857 2494 justificetus

144 2507 191 2564 eid
205 2524 403 2577 repemsuum,
420 2511 593 2581 subjunxit:
620 2514 652 2567 ur
666 2509 854 2582 ponebantad
878 2509 977 2566 Domi·
1032 2510 1352 2582 est31ustiticetionem
1368 2510 1858 2584 hecpropheticnueritesconsti·

147 2615 227 2657 num.
244 2598 392 2657 Petebant
404 2601 501 2674 piene,
516 2601 545 2656 id
568 2604 613 2658 est
636 2599 824 2657 inetiebiliter
848 2599 976 2656 edmire·
1032 2600 1088 2658 tuit
1099 2605 1188 2673 etque
1203 2599 1390 2673 repromittit.
1407 2600 1452 2668 itt,
1467 2605 1500 2657 ut
1515 2603 1608 2659 toturn
1623 2601 1781 2673 prophetice
1791 2618 1857 2660 cor·

56 2690 62 2733 5
148 2687 388 2757 buntur,ettouiti
403 2706 456 2763 pro
472 2689 673 2764 magnitudine
689 2689 730 2746 rei
744 2688 790 2746 vei
806 2687 906 2762 gotidii
917 2688 976 2758 sui,
1033 2705 1089 2763 pus
1104 2687 1371 2761 prs·laoescet,1em
1386 2688 1514 2746 dicimus
1528 2688 1597 2762 quie
1616 2690 1728 2762 septies
1748 2689 1856 2749 abhinc

149 2778 285 2836 videlicet
307 2780 455 2853 quomodo
481 2780 605 2853 pevebet
624 2781 762 2850 Thomas,
787 2779 905 2852 quondo
930 2778 976 2834 di·
1031 2793 1128 2850 neque
1151 2777 1187 2834 ed
1212 2776 1300 2834 tinem
1320 2776 1480 2834 notaminis
1500 2783 1616 2848 porceto
1645 2788 1856 2838 commemoret

149 2872 234 2926 cente
247 2869 304 2925 sibi
319 2869 462 2928 Domino:
477 2871 552 2941 inter
565 2869 684 2939 dipitam
695 2875 773 2926 tuum
786 2871 851 2938 huc,
867 2871 894 2924 et
916 2867 977 2925 uide
1030 2871 1120 2939 etque
1134 2865 1266 2938 replicet,
1281 2870 1310 2923 et
1325 2881 1376 2939 per
1396 2864 1530 2938 singulas
1550 2866 1628 2923 vices
1652 2866 1682 2923 in
1706 2866 1868 2925 Christum.

147 2974 247 3017 monas
260 2977 349 3031 meos,
361 2969 388 3017 et
401 2961 474 3034 oper
486 2977 601 3017 manum
614 2971 700 3028 taem,
725 2969 751 3018 et
765 2962 843 3017 mitte
857 2959 888 3016 in
904 2961 977 3015 tatus
1030 2970 1127 3012 sermo
1142 2954 1329 3027 recurrit,qui
1339 2952 1421 3010 solus
1430 2954 1562 3011 omnium
1571 2955 1753 3012 credentium
1763 2961 1856 3029 etque

148 3066 253 3118 meum,
268 3055 295 3107 et
306 3052 367 3108 noti
379 3066 436 3107 esse
450 3051 611 3107 increduius
625 3050 672 3107 sed
685 3050 798 3121 fidelis:
819 3049 975 3121 respondit,
992 3079 1013 3148 c
1033 3044 1235 3117 poenitentium
1247 3044 1365 3117 Justitie
1375 3045 1655 3117 est.iicesisttejem
1668 3048 1855 3104 numerando

147 3142 175 3195 et
189 3137 263 3195 ateis
278 3138 324 3195 ei:
342 3139 477 3196 Dominus
491 3155 579 3207 meus.
589 3146 616 3195 et
632 3144 704 3195 tteas
718 3155 795 3195 meus
811 3140 901 3211 (ioan.
917 3140 974 3209 u).
1032 3133 1076 3191 usi
1100 3134 1310 3207 presigneedes
1343 3139 1424 3191 sunt.
1458 3135 1567 3203 Primo,
1591 3135 1669 3191 inter
1690 3141 1795 3193 cetere
1813 3136 1856 3195 sio

150 3228 234 3285 Sicut
249 3227 327 3283 enim
338 3228 467 3285 Thomas
483 3245 550 3284 cum
568 3227 682 3285 ceteris
696 3227 850 3300 discipulis
865 3227 914 3285 ilis
932 3229 979 3286 die
1032 3223 1226 3296 proloquens:
1243 3221 1401 3279 Secundum
1418 3223 1628 3281 multitudinem
1642 3226 1857 3299 eoramsicpee·

149 3332 207 3373 non
223 3316 287 3385 tuit,
304 3318 422 3389 quondo
438 3316 525 3374 Jeeus
541 3317 628 3385 uenit,
653 3322 681 3373 et
704 3316 870 3375 dicentibus
896 3316 974 3375 tttts:
1029 3316 1162 3371 currerunt
1174 3312 1255 3380 mitti,
1275 3314 1411 3385 fornicati
1431 3322 1506 3381 sunt,
1529 3323 1556 3371 et
1582 3330 1638 3371 non
1659 3325 1854 3374 certauerunt:

151 3406 277 3464 Vidimus
291 3409 450 3478 hominum,
466 3425 525 3466 uon
550 3407 693 3464 credidit:
715 3415 775 3480 post
796 3412 854 3463 octo
877 3414 976 3464 eutem
1030 3402 1151 3474 Spiritus
1165 3403 1239 3459 enim
1253 3400 1475 3475 fornicationum
1488 3403 1594 3477 decepit
1608 3420 1663 3472 00⁸·
1677 3413 1705 3462 ei
1720 3406 1856 3478 iomitssit‘

147 3496 206 3553 dies
219 3504 282 3553 eret
296 3514 360 3553 cam
373 3499 464 3568 eis‚et
478 3497 640 3555 uenientem
656 3497 764 3555 iterum
783 3495 883 3553 iesum
899 3495 970 3554 uidit
1030 3505 1094 3558 eunt
1108 3518 1125 3556 o
1140 3501 1194 3557 hro
1208 3516 1269 3568 sao,
1283 3502 1414 3573 quonium
1428 3502 1484 3569 ipsi
1496 3517 1558 3559 earn
1579 3504 1769 3561 meretricibus
1791 3522 1854 3562 cer·

148 3595 175 3642 et
183 3586 318 3655 credidit;
340 3585 383 3642 sio
398 3587 485 3644 hodie
503 3584 597 3643 Judaei
612 3586 766 3643 nobiscum
780 3603 836 3642 non
859 3591 931 3643 sunt
945 3591 975 3643 et
1030 3592 1181 3658 rebantur,
1196 3598 1222 3647 et
1235 3606 1299 3647 cum
1312 3589 1479 3664 effeminatis
1491 3594 1699 3666 sacrificatione
1714 3596 1853 3667 particeps

144 3674 311 3732 dicentibus
335 3676 420 3731 nobis
445 3677 640 3732 resurrexisse
653 3674 748 3740 iilum,
765 3691 852 3747 quem
876 3675 972 3733 cruci·
1030 3679 1167 3737 idatoram
1180 3678 1322 3748 Ephraim,
1338 3679 1448 3737 dimitte
1459 3697 1532 3739 eam.
1555 3682 1668 3749 Quibus
1693 3685 1795 3757 utique
1809 3683 1853 3742 di·

144 3763 282 3832 fixerunt,
300 3780 357 3821 non
377 3764 510 3821 credunt.
534 3765 603 3821 Post
617 3764 679 3821 heo
701 3779 797 3821 eutem
821 3767 972 3823 nobiseum
1030 3769 1162 3827 otisitios
1173 3786 1230 3826 non
1245 3770 1343 3826 minus
1354 3786 1442 3840 quem
1454 3769 1576 3841 gentiles
1584 3772 1640 3828 suh
1655 3779 1772 3845 peooeto
1788 3789 1855 3833 esse

145 3860 243 3920 erunt,
258 3863 285 3908 et
300 3859 571 3926 cognoscentem,
587 3854 777 3925 etperebuut
800 3853 835 3909 ed
862 3855 971 3910 bonum
1029 3865 1172 3917 causetur
1191 3862 1278 3929 etque
1296 3858 1454 3925 convincit.
1480 3862 1598 3918 tendens
1618 3860 1778 3931 Christum,
1801 3862 1852 3936 qui

147 3944 213 4013 ejus
227 3942 257 3997 in
275 3944 435 3998 novissimo
451 3942 576 3999 dierum.
593 3942 738 4013 Sequitur.
1029 3946 1111 4004 sotus
1115 3946 1266 4017 justitient.
1278 3948 1314 4002 ed
1325 3952 1465 4020 utrosque
1476 3950 1572 4006 totiter
1579 3949 1745 4023 loquentem
1761 3952 1855 4010 intro·

182 4038 249 4096 Cer.
274 4038 317 4095 tt.
340 4070 373 4082 -
399 4039 499 4096 Audite
518 4039 632 4096 verium
656 4037 776 4105 Domini.
800 4039 858 4109 nttt
880 4038 976 4107 isroet,
1030 4033 1127 4092 ducit:
1143 4036 1173 4091 in
1191 4036 1372 4093 tribulatione
1395 4053 1447 4094 sua
1468 4054 1551 4097 mane
1574 4047 1739 4111 conseruent
1760 4041 1854 4099 adme

147 4129 215 4200 pain
228 4126 362 4196 iudicium
379 4128 492 4185 Demeae
505 4144 569 4183 cam
580 4128 784 4185 habitatoribus
797 4130 889 4184 terre.
915 4128 977 4185 tion
1029 4125 1179 4182 dicentes:
1199 4127 1302 4192 Venite.
1318 4135 1344 4182 et
1359 4132 1536 4184 meriamur
1555 4130 1592 4185 od
1614 4133 1773 4197 hominum.
1787 4132 1853 4203 puio

144 4216 396 4285 estenimaeritus,
415 4221 441 4273 et
455 4232 511 4272 non
525 4222 564 4273 est
587 4215 790 4286 misericordia,
812 4220 839 4272 et
861 4233 918 4272 non
939 4224 978 4273 est
1030 4215 1088 4286 ipse
1100 4217 1190 4287 cupit,
1205 4222 1232 4272 et
1244 4216 1353 4272 sanabit
1367 4233 1436 4280 uros:
1459 4221 1591 4289 percutiet
1615 4224 1642 4276 et
1665 4220 1775 4278 curabit
1801 4236 1853 4278 stes

144 4306 261 4362 scientia
277 4306 336 4374 hes,
350 4309 386 4362 in
402 4312 489 4362 terra
505 4305 689 4370 itatedictum.
701 4309 726 4361 et
741 4305 926 4372 rncnitocium.
950 4309 978 4361 et
1029 4303 1100 4376 (ose.
1125 4321 1175 4374 vit,
1189 4311 1257 4375 etse
1274 4305 1403 4363 secundo
1417 4306 1459 4363 ite
1478 4306 1646 4380 incipiens:
1671 4310 1729 4382 ipsi
1749 4320 1851 4378 ostent.

146 4394 338 4465 homicidium,
353 4403 379 4452 et
392 4397 510 4467 sartam,
540 4400 565 4451 et
579 4395 748 4450 adulterium
770 4393 976 4451 inundaverant
1028 4392 1100 4450 sicat
1115 4393 1390 4465 Adam,trunspressi
1403 4398 1466 4451 sunt
1479 4400 1603 4469 pactum.
1619 4397 1660 4455 sti
1672 4399 1854 4470 prevaricare·

25 4516 28 4523 ·
146 4488 173 4541 et
183 4488 297 4557 respuis
311 4487 477 4554 sanquinem
491 4485 590 4552 tetipit.
606 4482 763 4555 Postquam
779 4481 809 4539 in
831 4482 926 4556 sepite
940 4481 975 4539 ti·
992 4455 1094 4540 Iistm!
1111 4485 1141 4540 in
1156 4499 1207 4540 me.
1224 4483 1333 4541 Gutaad
1346 4483 1446 4541 civitae
1459 4488 1634 4557 operantium
1648 4487 1763 4557 idotum,
1783 4505 1852 4562 sup·

147 4574 237 4644 bri,ut
247 4574 370 4648 dignum
386 4574 497 4641 erut‚de
510 4574 624 4630 Christo
633 4573 764 4644 scripsit,
776 4574 881 4631 mirum
892 4573 974 4631 simi·
1026 4573 1153 4645 plantato
1168 4576 1313 4645 sanpaine.
1328 4578 1357 4631 et
1371 4575 1456 4647 quest
1469 4578 1561 4648 pauca
1573 4578 1700 4634 uirorum
1710 4580 1852 4638 iatronem

146 4663 300 4721 titudinem
317 4665 377 4721 sire
396 4661 564 4735 perebolem
580 4660 713 4718 adhibuit
728 4665 763 4718 de
780 4663 911 4733 muliere,
937 4663 974 4720 ed
1028 4660 1131 4735 (iiten,
1154 4667 1308 4730 etcetere,
1333 4679 1427 4735 usque
1447 4664 1484 4720 ed
1509 4663 1602 4722 iilud:
1627 4669 1672 4724 Ee
1684 4668 1781 4726 diebus
1796 4669 1851 4727 Co·

144 4770 234 4828 quem
252 4752 342 4809 semet
353 4756 383 4808 et
392 4749 753 4821 iterum,ectertiojussus
767 4756 813 4807 est
826 4752 972 4810 secedere.
1028 4751 1081 4808 baa
1095 4752 1218 4824 peccauit
1237 4751 1335 4818 brari.
1351 4752 1392 4808 iii
1404 4757 1558 4821 steterunts
1573 4770 1627 4813 non
1642 4758 1852 4831 comprehendet

145 4845 276 4919 itemque
291 4848 327 4899 de
341 4841 461 4899 mutiero
476 4840 621 4898 ditecteet
632 4842 860 4911 eduitereouem
872 4844 973 4913 jussus
1026 4856 1073 4898 eos
1087 4840 1117 4896 in
1130 4839 1222 4898 Caico
1233 4839 1364 4911 proeiium
1387 4857 1470 4913 saper
1483 4841 1555 4913 filios
1581 4846 1752 4920 iniquitatis.
1772 4849 1851 4922 jusu

143 4938 190 4990 sst
203 4929 745 5003 edbuodiiigeremuncdemomogitid
754 4936 832 5005 quod
844 4949 900 4989 oon
910 4934 974 5006 qui·
1025 4931 1196 4989 desiderium
1213 4946 1304 4987 nereum
1317 4929 1468 5003 corripiant
1481 4948 1537 5002 eos.
1551 4942 1791 5008 conperpetuntar
1803 4956 1851 4998 eu·

143 5021 208 5079 dem
226 5020 365 5093 primum.
377 5019 428 5075 sed
436 5028 533 5074 temen
547 5021 656 5076 bonurn
667 5021 873 5079 secundarium
885 5029 930 5080 est
940 5024 969 5080 in
1023 5038 1074 5095 per
1085 5038 1131 5079 eos
1143 5021 1250 5092 popuii,
1263 5037 1326 5079 cum
1335 5022 1524 5094 corripientur
1536 5033 1650 5097 propter
1662 5027 1732 5085 duas
1741 5029 1850 5103 inicui-

141 5110 338 5170 ordineotttoii
348 5108 970 5183 prophetici,sciticetpeoceterederpuendo
1022 5119 1097 5169 tates
1111 5111 1183 5183 (Ost.
1198 5117 1239 5179 x),
1252 5112 1527 5183 tendemJ'nstumet
1537 5116 1750 5186 justiticentem
1765 5120 1849 5179 Chri·

142 5198 253 5274 popuii.
273 5198 303 5254 io
319 5198 428 5271 quibus
443 5203 513 5253 tunc
527 5204 600 5269 eret,
616 5204 643 5254 et
659 5216 712 5270 pro
727 5201 835 5269 quibus
850 5201 969 5258 tandem
1023 5211 1115 5268 stum,
1130 5203 1173 5257 sio
1187 5200 1365 5258 introducit:
1383 5202 1514 5274 tiphrctm
1530 5207 1631 5274 vitato,
1642 5206 1720 5265 docta
1735 5209 1851 5281 diiipere

140 5294 302 5346 mereretur
317 5286 419 5359 projici
433 5291 521 5358 etque
537 5286 677 5359 disperdi.
693 5289 738 5344 Sic
751 5289 881 5347 Ezechiel
893 5306 968 5361 quo·
1021 5290 1848 5369 triturcrneteootrcmiaieuperpatctsritudtnemcottieius.

140 5377 241 5452 quein
257 5375 351 5449 cupite
364 5373 443 5443 iibri,
458 5374 488 5430 id
511 5381 556 5432 est
579 5377 608 5432 in
634 5377 780 5449 prioribus
803 5379 967 5437 visionibus
1021 5381 1170 5437 escendam
1181 5395 1263 5452 super
1273 5379 1611 5450 uptmtmumtutadas.
1624 5389 1850 5458 conprinpeteibi

139 5469 226 5538 longe
239 5475 305 5536 post
319 5468 428 5529 tutore,
440 5465 618 5537 prescripsit
630 5467 767 5538 mysteria
776 5467 841 5524 iiiiii
853 5468 902 5523 Dei
916 5486 967 5539 per
1019 5472 1207 5529 cohortasset.
1216 5470 1849 5543 Serninoteeohtsiep'ustitimmetiteinaremi-

139 5561 268 5626 ouetaor
282 5553 381 5622 troies,
393 5552 534 5623 bominis,
550 5553 642 5624 vituli,
656 5554 749 5613 ieonis
762 5566 851 5629 etque
860 5558 965 5630 equite
1017 5560 1321 5631 urturas'esmomte
1329 5560 1404 5619 meu
1418 5560 1642 5645 ”comtemptus
1650 5568 1744 5623 auen
1755 5569 1848 5646 repui-
