3826 6014
169 170 227 237 aar
719 167 891 239 uuonan
911 164 1081 233 unsaris
1100 146 1329 231 aurursusts
1406 196 1410 203 -
1819 176 1879 239 aaa

168 304 224 363 tis:
242 304 305 360 Viri
317 306 438 375 pastores
451 319 546 361 sumas
558 303 632 360 serui
641 305 687 366 tat
701 304 734 360 ab
746 302 872 373 infautia
892 305 986 361 nostra
1002 297 1078 367 And
1092 298 1165 367 ilios
1179 299 1491 374 dmmomutpapuaret
1507 305 1740 375 contraeundum
1756 309 1878 369 tradidit

166 409 252 467 usaue
267 396 295 450 iu
306 407 437 462 pressans,
450 399 547 459 etuas,
562 399 588 451 et
602 398 693 462 potres
708 395 794 450 nostri
808 392 885 464 (Gen.
902 392 988 462 xcvi).
1046 389 1185 445 Dominus
1201 391 1657 464 inmanusejuspcrcussitpueeos
1670 397 1755 468 pinpo
1770 415 1875 467 mopna

167 483 272 539 Sextus
290 481 414 554 Moyses,
435 480 486 552 qui
505 482 632 552 pascebat
656 499 716 539 oues
736 483 809 540 tetro
831 483 919 539 soceri
947 477 992 537 sai
1046 479 1143 544 trinnis,
1175 481 1526 553 transiliatipaesuutfilii
1544 487 1878 557 asamonafitiislsrael

167 570 317 627 sucerdotis
332 569 459 636 Madian,
475 576 504 627 st
520 572 797 641 intermiscendum,
811 587 875 629 cam
889 573 992 627 miam-
1046 566 1142 638 (dam.
1159 567 1211 640 ar).
1231 575 1356 627 (retusus
1371 571 1515 647 Sampson
1533 591 1583 646 per
1594 575 1733 645 angelum
1758 579 1875 634 bomini

166 665 328 729 sctprepem
343 660 379 717 ud
402 663 536 717 interiora
550 661 658 725 deserti,
683 661 802 718 aenitad
814 665 926 718 nioman
944 659 992 717 bei
1046 658 1121 715 tm
1148 662 1363 730 prenuntiatus
1389 670 1432 719 sat
1456 663 1543 719 matri
1572 665 1686 721 sterili:
1703 669 1735 723 st
1755 667 1801 724 bic
1819 669 1874 727 erit

171 749 250 816 Oreb,
276 753 407 820 apparuit
448 752 474 807 ei
507 750 640 807 Dominus
668 750 697 806 in
723 753 837 822 ttamma
857 751 931 822 ipris
957 753 992 807 de
1046 747 1870 823 inquit,uoaoraeaeootapmriusaaeteeiuarruatero,

166 841 258 898 medio
274 843 338 898 rubi
354 841 449 912 theod.
465 847 518 910 nr).
535 841 683 911 Septimus
699 841 754 897 luit
769 842 872 909 David,
888 841 938 915 qni
954 847 990 899 rte
1045 841 1069 893 ct
1084 840 1144 908 ipse
1159 841 1401 912 iucipietlrberare
1415 844 1501 899 lsrael
1514 844 1547 900 de
1557 862 1641 901 rauna
1652 846 1869 906 Philistinorum

169 931 327 1005 semetipso
355 933 531 1004 proloquens
547 933 583 989 ad
598 932 686 990 Saul:
712 933 851 997 Pascehot,
883 933 990 1005 iuquit,
1046 927 1147 998 (tatic.
1163 935 1235 1001 1111).
1266 933 1315 989 Isti
1341 936 1412 988 suut
1426 939 1490 989 octo
1507 935 1647 1006 primates
1661 936 1872 1012 homines,qui

164 1038 258 1077 scruas
272 1028 339 1077 tuas
352 1024 446 1091 patris
466 1024 511 1078 sai
534 1038 654 1092 prepem,
669 1026 696 1078 et
711 1022 837 1078 aaudiat
851 1022 892 1078 leo
904 1029 931 1078 et
941 1038 991 1077 ar·
1047 1018 1119 1074 miro
1133 1019 1217 1075 inodo
1232 1031 1342 1093 septem
1356 1023 1523 1094 pastoribus
1538 1025 1578 1080 ita
1593 1026 1774 1091 inseruntur,
1791 1036 1821 1084 et
1834 1031 1874 1085 ita

165 1126 224 1180 sas,
249 1111 413 1182 tollebatque
441 1111 557 1167 arietem
581 1112 614 1167 de
627 1110 729 1179 medio,
744 1121 769 1167 et
782 1111 915 1183 sequebar
936 1127 991 1177 eos,
1046 1107 1122 1163 iuter
1137 1116 1250 1164 sentum
1266 1114 1469 1183 pastoremqui
1486 1123 1528 1169 est
1545 1114 1654 1184 Muses,
1670 1121 1699 1172 at
1713 1119 1871 1188 septimum

161 1213 189 1257 et
203 1202 388 1271 percutiebam
401 1203 584 1271 eruebamque
598 1201 630 1257 de
644 1203 846 1257 macerandi
862 1201 906 1256 alli
927 1218 992 1257 cou-
1045 1195 1097 1266 qui
1124 1203 1168 1252 est
1187 1198 1286 1268 itavid,
1300 1206 1501 1266 surrexerunt,
1519 1208 1551 1258 ut
1569 1204 1644 1259 tilios
1672 1205 1774 1271 Israel,
1795 1223 1870 1278 quos

166 1292 319 1362 sarpebaat
343 1290 489 1346 aduersum
506 1307 558 1354 me,
573 1293 598 1346 el
613 1289 853 1362 apprehendebam
867 1295 991 1347 rasulam
1046 1285 1142 1343 Moses
1158 1294 1257 1343 sextus
1271 1295 1381 1358 pastor,
1395 1296 1426 1346 ut
1435 1292 1498 1361 jam
1510 1292 1621 1348 dictum
1633 1298 1690 1358 est,
1702 1296 1738 1351 ds
1754 1300 1872 1367 AEgppto

166 1396 272 1450 eorum3
287 1384 315 1436 et
338 1380 516 1451 sutiocabam,
541 1380 794 1450 interficiebamque
814 1394 870 1435 eos.
886 1378 992 1435 Nomrt
1046 1375 1155 1440 eduxit,
1174 1377 1287 1447 primus
1298 1377 1450 1435 homiuum
1467 1380 1626 1452 primatum
1642 1382 1731 1439 iosus
1744 1401 1812 1440 cum
1824 1390 1876 1439 Ca·

167 1471 277 1528 tionem
290 1474 316 1525 et
330 1486 426 1525 arsum
441 1470 579 1540 interseri,
595 1485 753 1539 spissarum
767 1473 838 1524 taus.
855 1468 914 1525 uris
927 1484 991 1538 erpo
1046 1464 1115 1536 leph
1134 1464 1332 1523 introduceret
1343 1468 1371 1524 in
1388 1474 1495 1524 terram
1510 1472 1792 1541 repromissionis,et
1803 1475 1876 1530 lihe-

165 1570 193 1617 et
209 1561 370 1618 Philistatus
396 1561 441 1616 bic
463 1561 672 1616 incircumcisus
695 1562 776 1630 quasi
799 1575 871 1613 arsur
886 1574 923 1614 coc
940 1563 991 1624 eis,
1046 1556 1188 1612 rationem
1201 1559 1333 1615 donnana
1350 1559 1519 1628 Philistum,
1531 1575 1748 1635 quamoctavus
1760 1565 1873 1637 primas

69 1670 73 1677 ’
163 1652 212 1724 pai
237 1668 322 1708 acsias
345 1655 384 1707 est
414 1650 578 1706 maledicere
605 1649 806 1707 carrucatam·
828 1647 943 1705 cineratis
968 1650 991 1720 (l
1019 1646 1871 1725 ,Sampsonincoepit,perflcerctseptimuspaatoruavtd.

165 1743 228 1814 ltep.
255 1743 334 1813 xvir).
352 1741 424 1796 Ecca
455 1739 504 1796 isti
520 1743 591 1795 suut
607 1743 719 1807 septem
738 1743 869 1810 pastores
888 1737 989 1811 inclyti
1045 1729 1195 1787 Habemus
1210 1735 1301 1805 igitur
1325 1745 1350 1791 et
1367 1739 1472 1804 septem
1491 1746 1597 1809 praetor,
1613 1742 1640 1794 et
1662 1752 1720 1794 octo
1734 1739 1870 1810 primates

167 1847 252 1903 qum,
282 1831 433 1901 Sosippu„
449 1837 529 1899 ingre,
548 1828 708 1885 auotoritas
723 1827 822 1883 divina
841 1843 990 1884 commen.
1042 1818 1166 1876 honrines
1180 1839 1214 1878 ex
1231 1823 1356 1896 propriis
1371 1827 1469 1882 causis
1492 1833 1576 1883 notos
1590 1834 1617 1883 et
1633 1829 1775 1902 insignes,
1791 1846 1868 1903 qiios

168 1921 260 1977 davit.
278 1924 366 1975 Porro
381 1923 440 1975 octo
455 1920 586 1990 primates
598 1917 722 1974 borsines
734 1916 763 1973 hi
779 1923 858 1972 suut.
872 1916 989 1975 Primus
1042 1912 1248 1980 suscitabimus,
1264 1913 1361 1984 inquil
1382 1916 1531 1988 propheta,
1547 1933 1714 1988 supereum,
1728 1921 1872 1976 videlicet

167 2010 270 2076 Josue,
281 2008 359 2063 filius
374 2008 450 2063 Nun.
463 2007 615 2062 Secundus
626 2006 744 2076 caleph,
757 2005 988 2077 hliuslephona.
1043 2016 1119 2071 saepe
1131 2002 1381 2073 diotumjudioem
1394 2006 1492 2064 lsrael.
1507 2011 1589 2078 cujus
1599 2007 1716 2063 maxilla
1727 2025 1873 2079 percussa

23 2160 26 2169 Ι
104 2104 107 2111 ’
132 2130 139 2146 s
155 2098 284 2155 seruus
300 2094 435 2162 Ottonisl,
447 2094 525 2152 filius
539 2098 649 2153 Caenez.
661 2094 787 2158 Quartus
802 2095 889 2159 noth,
911 2095 989 2151 filius
1041 2096 1097 2145 etl·
1114 2090 1265 2155 Quomodo
1282 2093 1347 2150 illos
1359 2095 1558 2152 suscitabimus
1568 2113 1650 2168 super
1663 2097 1872 2157 eam‘lVideli-

170 2189 244 2242 Gera
259 2186 311 2241 lilii
327 2185 454 2241 Gemini.
476 2184 601 2250 Quintus
617 2183 740 2251 Baraoh,
757 2184 835 2241 itlius
852 2184 989 2241 thinoem
1042 2186 1088 2237 cst
1105 2197 1138 2237 ao
1149 2183 1404 2257 modontquaper
1419 2185 1869 2261 illoscorporalitargcstasuut,

166 2276 202 2331 da
230 2275 323 2330 Gades
350 2274 526 2345 Naphtalim
558 2276 662 2329 Sextus
691 2272 818 2330 Gadeou.
838 2273 989 2345 Septimus
1042 2269 1400 2344 doceamusspiritualitar
1414 2275 1475 2330 fieri
1497 2276 1539 2332 rel
1555 2277 1668 2349 impleri
1685 2294 1736 2350 per
1752 2282 1865 2351 ipsum.

162 2365 270 2436 Japhte
286 2363 463 2421 Galaadites.
480 2363 606 2420 Octavus
621 2363 777 2434 Sampson.
795 2363 845 2420 Isti
862 2369 928 2420 octo
942 2363 989 2419 id-

164 2452 243 2509 circo
259 2454 317 2510 dici
333 2461 478 2510 merentur
492 2453 632 2524 primates
647 2452 793 2522 homiues,
810 2453 990 2524 quiaaaoto·

71 2612 74 2621 Ι
163 2544 249 2601 ritate
264 2545 364 2600 divina
379 2549 526 2618 praeunte.
536 2548 564 2600 et
574 2543 716 2601 induente
730 2542 795 2601 illos
810 2544 918 2617 Spiritu
931 2544 988 2601 Ito·

166 2634 988 2707 mini‚coustitutijudicastiberavsruutpopulumsuum,

167 2726 246 2781 unde
260 2731 288 2781 st
301 2730 472 2781 meruerunt
486 2724 628 2797 appellari
641 2723 801 2780 salvatores
814 2724 914 2780 Israel.
925 2725 987 2783 Pri·

166 2813 475 2872 mushorumiosueet
489 2814 638 2870 secundus
648 2812 987 2884 calephintroduxcrunt

163 2904 306 2976 populum
323 2905 476 2961 interram
497 2901 717 2975 promissionis,
732 2901 846 2957 dicente
862 2902 985 2959 Domino

160 2998 196 3052 ad
212 3001 348 3070 Moysen:
376 2996 449 3052 totle
461 2996 544 3051 losse
566 2994 659 3064 ilium
673 2995 744 3055 Nun,
769 2995 863 3050 uirum
888 2992 919 3049 iu
934 3010 986 3065 pao

1041 2363 1215 2429 noceamus,
1250 2361 1382 2433 inquam,
1399 2365 1470 2437 quia
1489 2383 1613 2441 quarum
1637 2384 1735 2424 rerum
1752 2369 1782 2424 iu
1803 2366 1865 2424 iilis

1041 2451 1189 2520 precessit
1215 2451 1317 2524 ligura,
1334 2453 1363 2508 in
1380 2452 1435 2510 isto
1450 2456 1592 2512 successit
1608 2457 1723 2512 veritas.
1741 2457 1800 2513 Hoo
1821 2459 1869 2515 ia-

1042 2539 1151 2596 cientes
1162 2543 1357 2598 suscitabimus
1375 2542 1442 2600 illos
1456 2561 1538 2616 sapor
1552 2562 1625 2617 eam,
1644 2564 1697 2603 nos
1713 2547 1863 2620 prophetia

1039 2631 1068 2683 et
1080 2629 1228 2700 sapientes
1244 2637 1272 2686 ct
1283 2631 1400 2701 Scriba,
1416 2650 1451 2689 ex
1466 2636 1575 2704 quihus
1589 2653 1642 2709 ego
1653 2653 1731 2692 sum.
1747 2636 1819 2693 Nam
1834 2642 1866 2693 et

1040 2715 1793 2796 sisenandumtempuseorporeabseusSpiritucuin
1807 2726 1867 2783 illis

1040 2825 1170 2881 praescus
1182 2829 1261 2881 sum,
1275 2831 1401 2884 quornm
1414 2818 1559 2888 spirituali
1570 2817 1669 2874 studio
1683 2819 1799 2887 fit,atin
1810 2818 1866 2876 leo·

1040 2899 1228 2958 tionstaltum
1239 2909 1390 2976 pastorum
1403 2914 1432 2960 at
1438 2907 1617 2978 primatuum
1626 2908 1700 2964 nihil
1712 2915 1865 2966 mortuum

1042 2995 1193 3047 remaneat
1221 2998 1272 3048 aut
1286 2993 1425 3064 otiosum,
1440 2995 1512 3051 dum
1528 2998 1629 3054 omnia
1640 3003 1808 3055 set'eraotur
1822 2999 1861 3055 ad

161 3097 201 3146 est
217 3088 339 3161 Spiritus
351 3088 509 3152 hominist
523 3102 593 3157 pone
606 3091 806 3142 martamtaam
820 3103 903 3157 saper
925 3059 1024 3142 cetrac
1043 3077 1309 3155 Christumltuqus
1319 3090 1348 3139 et
1360 3083 1409 3140 isti
1425 3102 1492 3141 oum
1508 3086 1558 3143 illo
1575 3089 1681 3155 vivent,
1698 3093 1726 3145 et
1740 3088 1794 3159 illi,
1811 3089 1864 3162 qui

161 3182 255 3246 (Nam.
294 3179 391 3248 xxvu),
416 3173 652 3245 ste.DsCaleph
681 3190 747 3230 varo
777 3173 838 3230 ait:
872 3175 987 3232 Samum
1041 3171 1218 3238 tuncerunt,
1235 3172 1345 3226 existis
1361 3173 1527 3243 proficient.
1544 3173 1627 3231 Unde
1641 3192 1708 3231 cum
1721 3175 1865 3232 dixisset:

160 3280 252 3321 meam
276 3264 388 3335 caleph,
418 3265 468 3337 pai
481 3264 579 3335 plenus
592 3263 651 3319 ulio
676 3262 790 3334 spirita,
817 3271 927 3321 secatm
947 3269 986 3321 est
1040 3258 1278 3315 Etsasoitabimus
1296 3276 1377 3332 super
1402 3278 1465 3318 eam
1484 3275 1585 3335 septem
1603 3275 1734 3336 pastores,
1758 3269 1784 3322 et
1803 3270 1864 3322 octo

161 3370 215 3423 me,
236 3356 369 3409 turdarum
385 3355 415 3409 in
430 3364 531 3410 terram
546 3353 715 3424 haudquam
740 3354 878 3425 circuivit,
892 3358 917 3412 ei
941 3370 986 3411 se·
1037 3350 1170 3419 primates
1185 3348 1319 3413 homines.
1336 3353 1677 3424 contestimsubjunxit:
1693 3357 1727 3411 tet
1746 3364 1865 3426 pascent

162 3459 226 3500 mea
240 3444 300 3515 pus
313 3443 459 3515 possidebit
473 3460 535 3499 eam
549 3445 642 3514 [Num.
662 3442 730 3515 xiv).
745 3443 906 3500 Primatum
920 3447 986 3517 ejus
1039 3444 1143 3494 terrum
1158 3441 1242 3495 Assur
1252 3443 1281 3496 irs
1294 3442 1400 3513 plodio,
1416 3447 1442 3498 et
1456 3453 1561 3499 terrum
1571 3445 1701 3501 Nemrotb
1717 3448 1746 3501 ia
1758 3445 1865 3503 lanceis

162 3533 217 3589 hoc
245 3532 378 3589 divinum
408 3533 610 3590 testimonium
627 3533 822 3598 commendat,
838 3538 867 3590 et
882 3541 986 3605 praeter
1038 3528 1108 3600 ejas·
1125 3529 1203 3594 0⁰0d
1219 3536 1264 3586 est
1279 3530 1394 3587 dicere:
1419 3533 1453 3587 Et
1468 3550 1570 3589 omnes
1585 3542 1687 3606 gentas
1703 3552 1766 3607 qiua
1782 3553 1864 3592 uuna

162 3621 217 3679 hoo
232 3623 300 3693 alia,
317 3640 383 3697 quas
403 3622 539 3696 prasenti
559 3621 622 3678 looo
650 3623 779 3678 inserere
794 3622 910 3690 lonpam
928 3630 983 3681 est.
1039 3620 1102 3675 elue
1120 3621 1361 3692 vescunturque
1376 3622 1455 3676 verbi
1472 3624 1521 3679 [tei
1538 3625 1677 3695 pabulum
1694 3625 1804 3680 hahent
1816 3623 1860 3681 ul·

163 3710 279 3768 Tertius
308 3712 443 3768 Othoniel
474 3712 554 3767 silius
581 3711 983 3770 Caneuliharasitlsraelda
1037 3707 1111 3779 lam,
1127 3714 1197 3766 tuno
1211 3727 1247 3767 ex
1267 3711 1400 3783 mysticis
1419 3713 1543 3769 istorum
1565 3713 1717 3787 exemplis,
1733 3713 1862 3788 legendo

162 3817 251 3858 mauu
267 3800 618 3871 cusamrasathaimrepis
629 3800 908 3872 Mesoprotamia‚oui
925 3820 984 3860 sar·
1037 3801 1200 3872 proficient,
1213 3817 1336 3873 quarum
1354 3801 1724 3874 videlicctgeutiumhasur
1737 3805 1862 3864 ethm·

159 3892 276 3948 aierunt
291 3901 355 3949 uoto
370 3895 467 3963 aunis,
483 3893 635 3963 Scriptura
646 3891 781 3947 dicente:
797 3893 829 3947 Et
843 3893 982 3951 olamuce-
1037 3895 1091 3956 wi,
1109 3889 1139 3945 id
1154 3897 1198 3945 fflt
1213 3888 1360 3962 miribel
1374 3890 1650 3963 Babyloniimflxiffli
1664 3895 1778 3966 Deoquc
1791 3912 1860 3951 ma·

155 3987 221 4036 raut
233 3982 268 4037 ml
285 3983 441 4050 Dasminum,
469 3984 518 4053 pai
540 3982 685 4038 suscitavit
699 3981 741 4035 eis
754 3980 930 4049 saluatorem,
957 3993 984 4042 et
1034 3979 1081 4050 gis
1098 3977 1210 4034 adversi
1241 3983 1311 4034 tuno
1327 3984 1418 4034 eraut.
1435 3980 1615 4051 Principium
1632 3999 1759 4055 numque
1774 3983 1859 4055 regni

156 4069 286 4126 liberauit
298 4085 342 4125 eos
359 4069 500 4140 othoniel,
521 4071 646 4127 uidelicet
660 4071 737 4141 filias
753 4067 855 4134 Canes,
871 4071 981 4145 [aitpae
1034 4065 1173 4122 Nemrolh
1198 4067 1325 4138 Babylon
1343 4067 1397 4122 suit
1412 4067 1441 4123 in
1457 4073 1534 4126 terra
1549 4071 1691 4139 Sannaus,
1706 4079 1734 4127 et
1750 4072 1786 4127 da
1802 4072 1854 4128 tus

155 4158 185 4213 ia
200 4173 230 4213 eo
244 4160 367 4228 Spiritus
377 4160 499 4223 bomini,
515 4167 542 4214 et
554 4161 691 4229 pastinavit
707 4160 795 4216 lsrael
805 4161 908 4231 (tuate,
925 4164 978 4233 sn).
1034 4160 1112 4211 terra
1126 4159 1453 4228 egressusesthssur,ot
1470 4159 1623 4216 edificavit
1643 4161 1777 4218 Ninisen.
1798 4161 1859 4218 Neo

155 4247 283 4312 Quartus
299 4247 373 4302 Aoth
389 4247 523 4303 liberavit
537 4248 626 4305 Israel
641 4251 677 4304 de
690 4265 776 4305 mauu
795 4249 887 4321 Eglou
901 4253 979 4322 regis
1032 4261 1100 4301 vero
1115 4245 1237 4300 dublum
1248 4245 1293 4302 vel
1310 4246 1492 4319 incognitum
1509 4249 1633 4322 estquiu
1649 4253 1758 4323 Assyrii
1775 4254 1857 4323 post·

155 4333 250 4400 Moab,
260 4338 305 4391 eui
317 4337 482 4393 servierunt
496 4339 629 4392 decernet
639 4342 702 4392 octo
714 4338 811 4405 annis,
824 4340 977 4410 Scriptura
1033 4335 1154 4390 modum
1175 4336 1276 4391 decem
1293 4335 1385 4392 tribus
1396 4338 1767 4412 translaterint,tsauptonii
1778 4356 1859 4412 vero,

154 4425 268 4481 dicante
283 4443 290 4481 ε
306 4429 337 4481 Et
350 4426 544 4482 clismaueruut
558 4426 615 4481 ilii
626 4427 711 4481 Israel
724 4426 760 4480 orl
775 4427 934 4497 homiuum,
950 4437 976 4485 et
992 4436 1016 4498 Ι)
1031 4439 1083 4496 pra
1094 4423 1202 4494 quibus
1219 4424 1265 4479 hio
1283 4426 1403 4497 ponitur
1420 4426 1649 4496 Neruroth,duas
1665 4429 1860 4502 reliquas,lu·

149 4514 512 4572 suscitaviteissalaatorem
526 4516 593 4571 ioth
608 4513 700 4585 filiam
712 4515 779 4571 Gara
794 4516 900 4588 (aaut),
916 4523 970 4573 etc.
1026 4513 1094 4569 dam
1110 4519 1139 4568 et
1148 4512 1312 4582 Beniamin.
1332 4515 1484 4588 blaguifioc
1499 4518 1857 4593 ergoreooncilistiogeu·

150 4601 276 4666 Quintus
293 4607 402 4661 Buraoh
429 4606 509 4662 illius
523 4607 664 4662 Abinocm
682 4604 814 4661 liberauit
828 4605 918 4663 Israel
935 4607 971 4662 da
1025 4603 1099 4658 tiam
1117 4603 1307 4673 promittitur,
1323 4606 1394 4661 dum
1411 4605 1516 4663 deillia
1528 4608 1752 4680 quitunoerant
1766 4608 1858 4666 inles-

149 4694 340 4751 mauulsbin
358 4695 434 4767 regis
458 4695 673 4766 Chanaan,qui
694 4694 971 4766 pervigiutiannos
1028 4691 1132 4749 tissimi
1148 4691 1213 4748 talis
1237 4694 1390 4764 prophetia
1418 4696 1595 4753 texiturzdt
1622 4705 1854 4769 posceutterram

147 4782 332 4840 vehementer
345 4791 528 4857 oppresserat
546 4801 606 4853 eos,
623 4784 725 4856 etipse
738 4786 909 4842 auctoritate
924 4787 969 4841 di·
1024 4781 1149 4840 Aesarei
1171 4785 1275 4838 terram
1290 4783 1429 4850 ilemrotb,
1451 4791 1480 4841 at
1505 4785 1559 4842 hoo
1589 4805 1646 4843 non
1663 4790 1726 4844 sius
1749 4789 1855 4860 armis,

146 4872 214 4928 vina
237 4873 399 4930 suscitatus
423 4891 474 4945 per
488 4874 653 4930 Debboram
669 4873 831 4945 propheten
848 4890 968 4932 uxorem
1025 4872 1078 4929 ssd
1102 4873 1133 4928 iu
1160 4872 1254 4941 ptadto
1282 4872 1353 4928 eliu
1369 4873 1476 4930 tuuoeis
1492 4875 1654 4944 sincidunt
1670 4879 1698 4933 in
1715 4894 1855 4937 sermone

146 4958 286 5032 lapidoth
301 4965 392 5035 (Nam.
408 4966 457 5036 vr).
481 4965 585 5020 Sextus
600 4963 715 5020 Gsdeou
732 4961 866 5020 liberavit
880 4963 968 5021 lsrael
1025 4960 1153 5035 miqui
1173 4966 1213 5019 est
1227 4960 1317 5028 uiuus,
1344 4972 1368 5020 et
1389 4966 1504 5037 eticae,
1520 4974 1546 5022 ct
1560 4969 1759 5038 penetrabitior
1778 4970 1858 5027 omui

143 5052 178 5108 de
194 5068 283 5109 manu
297 5054 425 5123 Madian,
437 5054 653 5112 ouisersiaraut
666 5058 780 5125 septem
797 5054 969 5127 aunis,prae·
1022 5053 1116 5124 plodio
1130 5050 1249 5122 ancipiti
1265 5052 1355 5123 (debr.
1370 5056 1419 5122 tv).
1436 5054 1468 5111 Et
1485 5056 1513 5111 iu
1531 5058 1689 5114 sententiis
1703 5059 1856 5127 veritatis,

141 5142 390 5216 cipientesngelo,
407 5147 600 5218 quiapparuit
611 5144 735 5215 cilliam.
755 5144 967 5216 vs).Ssptimus
1022 5158 1087 5214 qum
1103 5144 1173 5197 sunl
1183 5139 1484 5216 lauceaesivesagittae
1495 5144 1571 5215 ejus,
1582 5163 1635 5202 sao
1645 5147 1743 5215 plodio
1756 5147 1856 5207 stillis

139 5233 246 5297 bauhta
261 5234 664 5291 Galaaditesliheravitlsracl
680 5235 716 5290 ds
730 5250 820 5289 manu
837 5234 966 5292 illiorum
1021 5227 1133 5285 lanatis
1148 5229 1307 5294 diabolum.
1324 5233 1374 5304 qai
1385 5232 1467 5305 ptius
1483 5238 1590 5291 murum
1607 5237 1787 5303 obtinuerat,
1798 5236 1851 5293 ds·

139 5324 326 5389 Ammomoui
341 5341 407 5380 cunr
418 5323 597 5379 philisthiim
610 5325 797 5379 vehementer
812 5339 967 5395 oppresse·
1022 5319 1180 5376 bellabitet
1193 5319 1329 5379 liberabit
1344 5322 1506 5381 humanum
1520 5342 1624 5396 genus.
1639 5331 1696 5384 lios
1708 5334 1754 5385 ast
1767 5329 1850 5401 quod

141 5413 966 5486 rauteosperdeoemannnsetocto.Deistoscriptumest
1020 5412 1081 5468 ait:
1099 5413 1135 5466 Et
1157 5410 1287 5470 liberabit
1312 5413 1346 5468 ab
1373 5413 1459 5471 seur
1472 5430 1534 5471 oum
1555 5418 1661 5475 uenerit
1680 5420 1710 5474 iu
1737 5425 1851 5475 terram

143 5504 242 5560 Factus
255 5511 384 5579 estsuper
397 5504 492 5578 leptis
512 5503 634 5575 Spiritus
652 5504 965 5579 dominationumque
1021 5504 1154 5570 nostram,
1178 5504 1205 5558 et
1219 5517 1283 5559 cum
1310 5502 1462 5563 caleauerit
1485 5507 1516 5562 iu
1530 5510 1623 5565 morale
1645 5518 1752 5567 nostro.
1769 5511 1810 5569 hc
1824 5510 1853 5568 si
