3826 6014
63 256 143 321 tota
724 256 933 322 coenant.
956 257 1002 320 IN
1022 255 1104 318 ion.

62 389 141 464 quod
163 406 279 448 servare
295 391 486 461 noluit,juste
495 393 605 465 judicio
616 395 652 451 de
665 394 808 450 memoria
822 391 888 464 ejus
903 394 931 461 Α
944 390 1003 447 cito
1019 388 1150 462 rapietur
1164 386 1245 458 illue,
1259 387 1309 444 uhi
1323 387 1379 445 itia
1397 405 1454 445 non
1476 390 1612 461 poterunt
1626 403 1693 443 cnm
1718 401 1766 443 se·

66 481 141 537 [leus
156 479 262 537 avellit.
281 482 314 537 Et
329 482 444 537 sicutin
460 484 601 540 Zacharia
621 485 657 539 de
676 482 823 540 volumine
842 497 891 534 vo·
944 480 1008 552 qui.

62 569 142 628 laute
156 572 281 627 dieitur:
300 595 313 622 ιι
331 571 434 629 Omnia
452 573 508 642 lur,
522 575 599 631 sicut
616 576 652 630 ibi
676 574 818 647 seriptum
834 574 890 637 est,
979 572 1064 624 Vana.
1077 569 1121 624 21.
1138 597 1173 609 -
1189 588 1202 614 ιι
1215 567 1277 623 Non
1294 565 1436 623 remansit
1451 566 1487 623 de
1498 564 1562 621 cibo
1578 565 1708 635 eJus,»id
1722 572 1767 622 est

62 660 246 730 judicabitur
261 661 350 730 (zach.
368 662 407 733 v),
425 684 438 710 ιι
455 664 537 718 sicin
555 662 706 735 hypocrita
716 659 891 732 completur,
944 675 996 715 nee
1013 659 1048 714 de
1064 659 1148 714 micis
1165 674 1231 731 quae
1253 657 1396 714 cadebant
1412 658 1447 713 de
1473 672 1576 711 mensa
1596 656 1671 727 ejus,
1687 656 1768 712 dedit

63 748 133 820 quia
158 764 245 803 sacra
258 749 416 821 Scriptura
433 752 480 804 tur
491 751 654 820 J'ndicatur,
670 751 740 806 dum
765 766 816 822 per
837 748 892 803 bno
944 748 1151 821 pauperibus,«
1168 755 1198 803 et
1214 752 1365 819 propterea
1382 746 1455 803 nihil
1474 746 1654 818 permanebit
1669 746 1703 800 dc
1716 745 1767 802 ho·

62 837 143 911 quod
171 839 255 910 justa
289 839 370 910 dicit,
403 839 519 895 laudem
549 840 605 895 sibi
644 840 709 895 vite
740 841 890 911 justorum
944 840 990 895 nis
1006 839 1081 910 ejus,
1097 860 1111 888 ιι
1127 839 1249 903 scilicet,
1265 838 1342 908 apud
1363 837 1483 907 interos,
1503 853 1555 892 nec
1578 840 1703 902 tantum,
1716 853 1767 908 pro

1688 251 1767 315 l050
1871 282 1883 299 ι

62 930 152 1000 rapit.

95 1041 183 1099 Vaas.
199 1043 284 1099 te-
299 1063 314 1094 ι
328 1042 422 1116 Caput
432 1043 570 1117 aspidum
584 1049 685 1118 surgat
696 1043 888 1120 [at.,auget].»

62 1135 102 1188 Ac
118 1133 142 1189 si
160 1133 256 1190 dicat:
274 1133 386 1190 Idcirco
401 1135 443 1190 sic
455 1136 604 1207 punietur,
621 1137 690 1207 quia
709 1138 797 1205 caput
812 1133 891 1206 aspi·

64 1222 148 1290 dum,
165 1222 251 1278 idest
268 1222 444 1296 principium
457 1229 486 1280 et
499 1225 679 1297 precipuum
695 1222 829 1280 omnium
848 1223 892 1278 vi-

63 1310 181 1375 tiorum,
197 1311 331 1368 videlicet
341 1312 491 1385 superbia,
509 1312 646 1385 surgit‚id
660 1319 704 1369 eat
716 1328 823 1386 magna
834 1317 890 1378 est,

65 1409 91 1457 et
105 1403 246 1456 adversus
258 1401 346 1458 Deum
358 1404 387 1458 iu
410 1408 507 1459 mente
523 1405 588 1473 ejus
603 1420 634 1460 se
650 1403 747 1475 erigit,
767 1421 779 1450 ι
795 1405 824 1459 et
842 1417 890 1457 oc-

64 1491 136 1548 cidit
150 1509 217 1548 eum
236 1492 337 1566 lingua
352 1493 468 1565 vipera,
483 1514 496 1546 ιι
514 1493 543 1550 id
559 1500 605 1551 est
628 1509 681 1550 sua
705 1493 817 1565 lingua,
833 1509 893 1565 qua

64 1581 161 1637 inficit
189 1581 273 1650 alios,
290 1581 361 1638 dum
387 1583 552 1656 corrumpit
576 1598 673 1641 mores
699 1583 790 1638 bonos
815 1580 893 1638 mala

67 1669 275 1729 collocutione.

101 1789 189 1843 Vnae.
207 1787 251 1846 17.
267 1817 302 1830 -
317 1810 331 1840 ι
345 1787 408 1845 Non
424 1787 532 1858 videat,
548 1809 561 1842 ι
586 1788 713 1846 subaudi
738 1788 809 1862 quia
823 1771 930 1844 talisB

68 1882 132 1945 eat;
149 1893 208 1932 non
222 1878 329 1940 videat.
343 1876 496 1950 inquamar
510 1877 620 1934 rivulos
635 1878 893 1944 duminiatorren·

66 1970 139 2031 tes.»
157 1966 185 2021 id
202 1967 440 2023 estdulcadinern
458 1967 585 2040 Spiritus
598 1968 691 2023 sancti
702 1984 769 2024 cum
784 1968 892 2038 impetu

67 2054 263 2125 euntisjuata
275 2055 347 2113 illud
361 2074 368 2111 :
382 2078 396 2107 ιι
409 2057 551 2114 tlumiuis
565 2057 695 2128 impetus
711 2056 839 2112 latificat
857 2054 895 2112 ci·

67 2144 186 2201 vitatem
200 2145 248 2201 Dei
265 2147 350 2217 (Prot.
369 2147 441 2217 xcv),
456 2169 469 2196 ιι
486 2149 562 2218 qamt
580 2146 690 2202 llumen
705 2153 750 2202 est
767 2168 780 2195 ιι
797 2145 894 2201 mellis

68 2244 97 2293 et
117 2238 224 2307 butyri,
242 2260 256 2288 ι
271 2238 406 2294 videlieet
422 2240 490 2310 quia
502 2256 568 2296 cum
586 2238 741 2295 dulcedine
758 2237 895 2294 Divinita-

68 2330 118 2392 tis,
136 2345 200 2399 que
216 2328 401 2399 significatur
426 2346 477 2401 pcr
497 2329 563 2394 mel,
580 2330 734 2386 coniicitur
756 2327 833 2384 enim
857 2327 893 2384 de

67 2416 394 2490 romaniam-sterium
408 2434 526 2491 quoque
537 2417 664 2490 inspirat
673 2418 809 2472 humane
819 2432 896 2472 men·

68 2506 89 2561 ti
106 2506 264 2562 Dominicis
282 2506 503 2574 incarnationis,
521 2523 584 2580 qua
601 2523 651 2577 per
666 2506 799 2580 butyrum
818 2512 894 2562 recte

70 2596 254 2668 designatur,
270 2597 346 2668 quod
368 2595 512 2653 decarne
536 2596 695 2652 animantis
718 2594 891 2652 extrahitur.

71 2683 134 2741 Non
150 2686 256 2751 videat,
273 2684 405 2759 iuquam,
423 2702 517 2759 neque
532 2685 580 2744 hio
596 2702 648 2758 per
670 2686 893 2758 praevenientem

68 2776 189 2847 gratiam
207 2774 335 2845 Spiritus
350 2775 444 2831 sancti
461 2791 557 2847 neque
584 2776 612 2831 iu
629 2776 731 2831 tuturo
753 2791 805 2848 per
831 2776 895 2845 ple·

67 2880 136 2919 nam
148 2863 291 2919 visionem
308 2864 369 2935 Dei,
387 2864 437 2920 sed
453 2866 571 2937 potius:

100 2978 185 3036 Vens.
204 2980 245 3035 18.
263 3001 321 3030 -ιι
342 2984 414 3036 Luat
441 2997 504 3052 que
520 2981 589 3038 iecit
613 2981 723 3050 omnia,
740 3004 755 3032 ιι
782 2983 893 3042 scilicet

64 3070 142 3126 inter
157 3070 263 3125 interni
280 3073 437 3136 tormenta,
454 3093 469 3121 ιι
485 3087 537 3128 nee
559 3079 656 3129 tamen
673 3080 892 3143 consumatum
948 3084 1125 3140 transitorie
1139 3088 1220 3152 gunt,
1237 3082 1314 3139 „aaut
1329 3083 1438 3139 [aarum
1459 3082 1567 3137 durum
1583 3081 1702 3153 quidem
1714 3085 1769 3151 eat,
1868 3148 1871 3157 Ι

943 936 1055 1001 quanto
1071 931 1184 998 guttam
1201 942 1285 997 aquae
1300 925 1427 997 recipere
1439 931 1595 981 mereatur.

978 1014 1064 1071 Vens.
1081 1016 1125 1069 22.
1143 1045 1177 1056 -
1193 1037 1206 1064 ιι
1223 1013 1294 1070 Cum
1312 1013 1437 1069 satiatus
1453 1012 1552 1080 luerit,
1567 1011 1738 1081 arctabitur,
1749 1032 1764 1063 ιι

943 1104 1030 1161 idest
1045 1120 1111 1160 eum
1128 1103 1242 1160 ditatus
1258 1102 1356 1169 luerit,
1373 1103 1551 1169 anxiabitur,
1568 1103 1650 1174 quia,
1665 1100 1766 1157 videli-

942 1197 988 1251 eet
1000 1197 1030 1249 et
1042 1192 1140 1249 vivens
1155 1192 1234 1249 euris
1251 1191 1465 1264 praincabitur,
1481 1196 1511 1247 et
1524 1196 1659 1247 mortuus
1675 1190 1704 1245 in
1719 1189 1767 1246 in·

943 1284 1020 1340 ierne
1035 1283 1203 1353 sepelietur.
1221 1304 1235 1332 ιι
1252 1282 1426 1347 maranata»
1444 1279 1556 1337 scilicet
1571 1285 1599 1336 et
1613 1280 1696 1352 priua
1708 1295 1766 1351 pre·
1867 1276 1870 1281 ’

943 1393 997 1434 nna
1013 1375 1299 1448 concupiscentiam
1316 1376 1504 1447 postmodum
1515 1391 1586 1431 curn
1597 1370 1767 1430 custodian·
1877 1432 1880 1437 ,

943 1465 986 1521 da
1000 1463 1139 1536 pecunie,
1156 1487 1170 1515 ιι
1184 1470 1212 1519 et
1228 1465 1324 1519 amnis
1340 1464 1423 1520 dolor
1435 1463 1526 1519 irruet
1545 1477 1633 1535 super
1656 1476 1735 1526 eiam,
1751 1480 1766 1510 ιι

942 1553 1077 1610 videlieet
1091 1554 1161 1626 quia
1175 1562 1201 1609 et
1222 1553 1251 1608 in
1278 1553 1413 1625 prasenti
1440 1552 1578 1620 fatigatur
1601 1547 1767 1619 desideriis,

942 1649 972 1702 et
987 1645 1016 1701 in
1039 1646 1137 1702 lutura
1162 1645 1348 1717 torquebitur
1372 1642 1536 1717 suppliciis.
1562 1642 1596 1698 Et
1624 1640 1764 1713 quoniam

944 1735 1037 1792 tantis
1050 1735 1205 1791 tormentis
1230 1749 1400 1806 perversum
1424 1732 1546 1805 punitur
1568 1730 1766 1788 desiderium:

980 1825 1066 1882 Vaas.
1082 1826 1128 1882 23.
1143 1857 1177 1867 -
1192 1847 1207 1875 ιι
1225 1824 1344 1881 Utinam
1359 1823 1518 1896 impleatur
1537 1831 1637 1879 venter
1660 1821 1736 1893 ejus.
1751 1842 1766 1871 ιι

944 1914 1015 1971 Tam
1033 1915 1197 1988 perniciosa
1213 1914 1322 1985 quippe
1338 1919 1409 1970 sunt
1426 1930 1459 1969 ea
1474 1913 1583 1985 quibus
1598 1911 1768 1983 supradicto
1861 1918 1864 1923 ’

945 2004 1032 2061 modo
1049 2003 1187 2074 impletur
1203 2009 1235 2058 nt
1252 2002 1329 2058 malo
1345 2019 1397 2059 sun
1413 2001 1454 2057 illi
1471 2000 1673 2072 aptenturllla
1684 2015 1767 2056 nam-

945 2109 1001 2166 que
1017 2093 1148 2163 impletio
1160 2093 1281 2157 ventris,
1298 2092 1325 2146 id
1342 2098 1387 2148 est
1401 2091 1513 2163 cupida
1532 2093 1649 2152 mentis.
1666 2104 1768 2162 prove·

945 2182 1007 2239 aiat
1022 2183 1063 2237 itli
1081 2185 1114 2239 ad
1133 2182 1186 2238 hoc
1201 2182 1276 2254 quad
1294 2181 1445 2250 sequitur:
1462 2204 1475 2230 ιι
1493 2179 1530 2236 Ut
1542 2182 1684 2247 emittat»
1697 2177 1767 2234 sub·

945 2276 1012 2331 nudi
1030 2276 1117 2333 Deus.
1130 2299 1144 2326 ι
1158 2275 1185 2330 in
1201 2292 1268 2331 eum
1287 2275 1359 2330 iram
1376 2274 1482 2330 luroris
1496 2273 1571 2340 sui,»
1588 2274 1615 2327 id
1627 2280 1672 2329 est
1683 2271 1767 2329 dam·

945 2366 1093 2421 nationem
1107 2365 1211 2434 judicii
1227 2365 1336 2430 aterni,
1354 2384 1368 2415 ιι
1389 2368 1417 2420 et
1428 2364 1510 2436 pluat
1525 2378 1615 2435 super
1630 2378 1698 2417 eum
1710 2360 1769 2418 bel·

945 2455 1006 2512 lum
1021 2471 1119 2522 sunm,
1135 2478 1149 2505 ιι
1164 2455 1193 2511 id
1214 2460 1259 2511 eat
1281 2456 1467 2511 abundanter
1485 2455 1600 2511 amittat
1620 2455 1711 2510 densa
1721 2452 1769 2525 ja·

945 2545 1012 2601 cula
1023 2545 1235 2601 sententiarum
1252 2560 1385 2602 suarum.

982 2636 1065 2692 Vana.
1081 2635 1127 2689 24.
1143 2665 1178 2675 —
1194 2635 1322 2707 «Fugiat
1337 2650 1420 2690 arma
1438 2634 1543 2690 terrra.
1561 2655 1575 2682 ιι
1591 2636 1632 2690 llc
1647 2632 1671 2690 si
1692 2632 1769 2690 hane

945 2721 1770 2796 excusationemobiicerstatiquieldcircotiletantavio·

946 2814 1255 2885 lenteracqnirit,qura
1267 2817 1408 2885 praecavet
1420 2814 1609 2868 necessitates
1619 2816 1684 2867 vita
1696 2828 1768 2884 prae·

944 2902 1048 2961 sentis.
1058 2903 1114 2959 Sed
1130 2909 1226 2960 estun
1244 2902 1344 2974 Fugiat
1360 2918 1443 2957 arma
1458 2900 1579 2963 terrea.»
1595 2901 1624 2956 id
1640 2905 1685 2956 est
1697 2916 1768 2971 pre·

946 3000 1044 3051 sentes
1061 2993 1261 3063 necessitates,
1279 3010 1341 3065 que
1356 2992 1438 3049 duras
1452 2992 1582 3062 quidem,
1598 2993 1648 3047 sed
1668 2997 1768 3048 tamen

64 3158 201 3215 videlicet
215 3158 283 3231 quia
296 3159 423 3216 flammis
434 3159 723 3219 ultricibustraditus
738 3135 930 3236 etaamperf·
949 3175 999 3231 sed
1016 3181 1114 3231 tamen
1130 3175 1259 3246 aerugine
1273 3173 1469 3237 consumitur,
1487 3191 1499 3222 ι
1517 3176 1545 3226 et
1561 3171 1690 3226 incurret
1705 3170 1767 3244 [nl.,

66 3249 200 3316 moritur,
216 3253 245 3303 et
260 3265 377 3320 semper
393 3249 421 3304 in
436 3256 528 3305 morte
544 3259 689 3322 servatur,
702 3258 735 3307 ut
751 3256 837 3324 cujus
852 3257 892 3311 vi·

63 3342 91 3394 ta
107 3339 155 3394 bic
173 3345 289 3393 mortua
306 3340 361 3393 l'uit
376 3338 405 3393 in
422 3338 582 3410 culpa.illic
598 3357 677 3396 mnrs
692 3343 757 3412 ejus
773 3345 850 3398 vivat
862 3344 891 3400 in

62 3444 158 3501 poena.
175 3450 189 3477 ιι
214 3427 302 3484 Juxta
318 3426 537 3483 multitudinem
555 3429 795 3487 adinventionum
822 3449 893 3488 aua·

66 3533 142 3582 rum,
160 3516 202 3572 sic
217 3522 247 3572 et
262 3516 432 3581 sustinebit,
446 3538 460 3565 ιι
476 3516 504 3571 id
530 3523 585 3587 est,
602 3518 678 3573 sicut
703 3521 813 3575 multas
835 3520 892 3577 ini-

64 3607 191 3678 quitates
207 3621 242 3660 ex
256 3605 318 3659 suis
335 3605 490 3660 desideriis
507 3606 666 3672 adinvenit,
677 3608 719 3662 sic
732 3612 761 3662 et
775 3609 892 3680 gravin-

65 3712 97 3751 ru
112 3698 261 3751 tormenta
274 3693 403 3762 recipiat,
420 3709 510 3766 quam
524 3694 631 3750 crateri.

100 3809 189 3864 Vaas.
208 3807 251 3862 10.
268 3826 328 3856 -ι
357 3807 501 3872 Quoniam
526 3808 728 3881 confringens,
744 3832 759 3862 ιι
780 3810 892 3868 seilicet

67 3914 117 3969 per
132 3896 325 3967 potentiam«
343 3897 474 3963 nudavit,
490 3918 504 3946 ιι
521 3897 607 3954 idest
621 3899 766 3970 spoliavit,
782 3916 890 3973 paupe·

66 3986 108 4041 ris
125 3984 191 4057 [at.
209 3985 365 4058 pauperes]
382 3987 651 4058 pomum,videlicet
667 4005 718 4061 per
732 3991 889 4051 avaritiam.

65 4080 105 4131 Ac
120 4078 143 4131 si
162 4075 253 4132 dicat:
266 4077 340 4142 Ouia
356 4095 413 4134 non
429 4078 567 4150 peccauit,
584 4085 616 4135 ut
627 4079 724 4147 multi,
742 4096 791 4152 per
806 4080 890 4136 intir-

65 4165 196 4222 mitatam
217 4167 259 4222 vel
284 4184 334 4238 per
356 4168 564 4241 ignorantiam,
586 4171 638 4225 sed
662 4186 712 4240 per
731 4169 889 4227 violentam

62 4253 231 4326 snperbiam
244 4270 328 4310 suam
338 4253 748 4328 explevitavaritiami'regit,
757 4256 889 4329 inquam,

62 4349 91 4400 et
107 4342 227 4399 nudavit
241 4345 362 4400 domurn
379 4345 516 4416 pauperis
533 4347 641 4416 rapuit,
658 4368 673 4397 ιι
687 4351 716 4402 et
732 4364 788 4403 nnn
804 4346 891 4403 adill-

62 4431 139 4488 cavit
154 4449 231 4498 eam,
249 4457 260 4484 ι
277 4433 305 4487 id
317 4440 363 4489 est
375 4449 442 4489 cum
455 4433 490 4488 ad
504 4435 724 4492 damnationem
740 4437 889 4492 suitlceret

947 3264 1034 3320 irruet
1052 3264 1094 3337 in]
1109 3280 1209 3320 arcum
1227 3279 1346 3326 areum,
1363 3261 1444 3318 idest
1461 3262 1508 3316 Dei
1516 3260 1674 3331 judicium,
1689 3260 1766 3332 qnod

948 3359 977 3409 et
990 3354 1098 3409 durum
1109 3360 1154 3409 est
1169 3358 1363 3418 etaternum,
1376 3354 1454 3408 sicut
1465 3356 1541 3407 eset
1556 3350 1662 3406 durum
1672 3356 1727 3418 est,
1739 3355 1768 3408 et

947 3442 1097 3498 diiilcilius
1112 3443 1241 3513 aerugine
1256 3442 1461 3508 corisumitur;
1476 3449 1514 3510 et,
1531 3442 1607 3496 sicut
1628 3456 1714 3496 arcus
1733 3457 1767 3497 ex

948 3531 1064 3586 insidiis
1076 3532 1254 3604 percutit,ita
1268 3531 1339 3588 dum
1354 3548 1410 3586 non
1423 3530 1587 3586 attenditur
1601 3530 1711 3602 iniquis
1718 3531 1768 3600 ju·

948 3618 1055 3675 dicium
1069 3618 1141 3675 illud
1158 3619 1337 3694 supervenit.
1352 3641 1366 3670 ιι
1379 3620 1521 3684 incurret,
1531 3617 1766 3690 inquam,arcum

948 3724 1067 3764 areum.
1080 3728 1091 3760 ι

984 3797 1069 3856 Vara.
1084 3799 1128 3854 25.
1147 3818 1209 3851 -ι
1234 3798 1366 3856 lidorius
1390 3801 1419 3854 et
1441 3797 1595 3870 egrediens
1610 3797 1646 3854 de
1665 3797 1769 3865 namna

948 3907 1013 3959 aua,
1029 3912 1043 3941 ιι
1057 3890 1085 3945 id
1100 3893 1155 3953 est.
1169 3889 1205 3946 de
1228 3906 1322 3962 pravas
1345 3889 1531 3959 cogitationis
1556 3887 1770 3945 machinatione

947 3980 1062 4036 occulta
1076 3980 1111 4035 ad
1129 3980 1284 4036 manifesta
1295 3995 1468 4052 progressus
1478 3977 1770 4050 operallductusin·

947 4085 1046 4141 quam,
1063 4067 1185 4138 scilieet,
1196 4085 1247 4142 per
1262 4068 1410 4125 diabolum
1422 4085 1454 4125 se
1468 4069 1672 4134 ducentem,et
1685 4083 1769 4141 egre·

947 4158 1042 4227 diens,
1057 4157 1190 4215 videlicet
1205 4176 1256 4232 per
1269 4158 1415 4231 propriam
1426 4157 1607 4214 voluntatem
1624 4158 1658 4215 nd
1671 4157 1769 4230 proxi·

948 4264 1063 4304 morum
1080 4248 1338 4320 depredationem,
1355 4269 1370 4298 ιι
1386 4253 1414 4304 et
1429 4248 1613 4321 fulgurans·
1632 4247 1716 4304 idest
1731 4248 1766 4304 ad

947 4336 1043 4406 breve,
1060 4341 1093 4393 ut
1108 4336 1207 4409 tulgur
1222 4336 1393 4409 splendens,
1408 4341 1438 4394 et
1457 4343 1525 4394 ante
1546 4337 1643 4410 posite
1658 4354 1766 4409 percu-

947 4427 1045 4495 tiens;
1062 4426 1139 4483 unde
1153 4426 1231 4482 enim
1250 4427 1371 4500 iniquus
1392 4427 1488 4482 clarus
1511 4427 1685 4493 ostenditur,
1699 4427 1768 4484 inde

63 4529 121 4571 non
138 4515 359 4581 antecesserat
377 4531 431 4570 sua
447 4532 505 4571 non
522 4517 648 4582 deesse,
662 4524 804 4574 venturus
815 4519 889 4574 enim
904 4509 928 4573 b
944 4516 1041 4588 agitur
1054 4522 1087 4572 ut
1103 4516 1187 4572 multi
1204 4517 1360 4574 feriantur.
1376 4539 1391 4567 ιι
1407 4516 1584 4590 Fulgurnua,
1600 4517 1767 4590 inquam,in

58 4600 151 4672 judex
166 4601 298 4658 dicturus
314 4609 360 4659 est
375 4603 526 4674 reprobis:
545 4624 557 4654 ι
578 4604 701 4671 Esurivi,
716 4612 745 4660 et
762 4623 821 4663 non
836 4608 888 4663 de·

61 4690 149 4747 distis
165 4692 237 4748 mibi
255 4694 435 4748 manducare
449 4694 560 4766 (Bottia.
574 4694 651 4765 xxv),
678 4716 693 4745 ιι
708 4701 748 4763 et,
768 4713 826 4753 non
842 4713 889 4755 so·

60 4777 121 4836 lura
137 4796 193 4837 non
209 4781 378 4848 adittcavit,
394 4782 444 4838 aed
460 4788 490 4837 et
505 4783 626 4853 diripuit
641 4784 761 4840 domum
779 4801 890 4860 paupe·

62 4870 115 4935 ria,
133 4870 213 4941 quud
231 4872 347 4943 proficit
362 4872 397 4926 ad
413 4871 567 4928 cumulum
583 4871 790 4932 damnationis.

98 4979 186 5033 vaae.
202 4978 249 5033 20.
261 5008 296 5020 -
312 5001 322 5028 ι
339 4978 396 5035 Neo
411 4982 457 5034 est
471 4983 595 5036 satiatus
611 4985 711 5037 venter
723 4981 799 5053 ejus,
817 5003 830 5035 ι
847 4981 889 5038 vi·

60 5062 179 5130 delicet,
196 5067 266 5138 quia
280 5066 401 5123 avaritia
416 5067 591 5124 desideretis
607 5070 692 5125 rebus
710 5086 765 5125 non
778 5070 889 5127 eratin·

61 5153 226 5224 guitur,eed
244 5162 465 5228 augetur‚more
480 5156 622 5230 ignis,qui
638 5174 704 5214 eam
722 5157 812 5230 ligna,
824 5175 889 5232 qaia

60 5250 226 5308 consumat,
243 5246 396 5314 acceperit,
409 5245 562 5312 excrescit,
574 5249 604 5300 et
620 5244 697 5301 unde
722 5247 837 5302 videtur
851 5247 888 5303 ad

64 5340 247 5384 momentum
264 5328 383 5386 tlamma
398 5330 635 5402 comparatione
653 5333 739 5403 paulo
756 5339 889 5403 postcer·

58 5411 139 5467 nitur
150 5413 279 5470 dilatari.
298 5440 311 5464 ιι
324 5415 434 5472 Etcum
447 5416 582 5473 habuerit
595 5434 660 5490 qua
671 5419 888 5491 concupierat»

943 4607 1143 4663 amaritudine
1162 4623 1257 4677 sun,»
1288 4606 1359 4679 quia
1380 4606 1526 4676 videlicet,
1557 4612 1623 4678 post
1649 4607 1764 4663 brevem

944 4694 1130 4768 splendorem
1142 4694 1178 4752 nd
1190 4712 1291 4751 amara
1301 4696 1431 4769 rapietur
1448 4698 1602 4753 tormenta.
1615 4717 1629 4746 ιι
1644 4696 1768 4766 vadent,

943 4793 973 4843 et
986 4787 1100 4844 venient
1115 4802 1204 4858 super
1218 4802 1285 4843 eum
1302 4786 1469 4855 horribiles,
1486 4808 1501 4836 ιι
1516 4786 1630 4843 scilicet
1645 4786 1767 4859 maligni

943 4875 1130 4949 spiritualim
1148 4876 1247 4932 dicent
1261 4876 1367 4932 animae
1383 4875 1657 4948 ejus‚incurvareut
1672 4882 1765 4934 trans·

944 4982 1056 5024 eamus.
1080 4964 1205 5032 Vadent,
1230 4965 1364 5036 inquam,
1387 4971 1416 5022 et
1438 4965 1566 5037 venient,
1583 4964 1767 5038 quiavideli-

944 5064 988 5113 cet
1009 5054 1080 5112 dum
1103 5054 1146 5112 sio
1160 5054 1306 5124 educitur,
1331 5059 1360 5112 et
1387 5056 1547 5129 egredior,
1572 5055 1673 5112 omnia
1696 5057 1765 5113 vitia

944 5152 1073 5203 mentem
1101 5144 1167 5216 elus
1192 5145 1356 5215 derasum,
1385 5151 1415 5204 et
1442 5146 1467 5202 si
1496 5149 1554 5203 alia
1577 5146 1654 5204 mala
1682 5147 1766 5204 dese-

943 5239 1023 5307 runt,
1040 5233 1097 5292 alia
1111 5232 1241 5291 vicissim
1257 5240 1411 5308 occupant.
1427 5234 1487 5293 Han
1506 5241 1551 5293 eat
1571 5236 1649 5309 quod
1666 5234 1766 5308 sequi·

945 5334 992 5384 tur
1004 5343 1011 5382 τ

977 5414 1063 5473 Vana.
1077 5415 1123 5472 20.
1136 5446 1170 5459 -
1184 5439 1199 5469 ιι
1215 5416 1324 5475 Omnes
1340 5418 1469 5476 tenebrae
1494 5415 1671 5474 abscondite
1696 5419 1765 5471 sunt

59 5495 90 5553 id
117 5504 173 5568 est,
201 5516 269 5557 cum
294 5518 396 5559 omnes
418 5520 453 5560 ex
478 5503 632 5579 iniquitate
667 5509 890 5580 congregaverit
941 5506 972 5565 in
988 5507 1113 5564 occultis
1125 5508 1199 5580 ejus,
1216 5531 1226 5559 ι
1244 5507 1273 5564 id
1289 5513 1344 5578 eat,
1359 5525 1461 5566 amnes
1477 5508 1592 5564 malitia
1608 5504 1762 5561 recondita

55 5584 212 5658 diatim«
241 5592 393 5663 mucidare
416 5609 473 5651 aaa
499 5593 617 5666 poterit.
635 5611 650 5645 a
667 5593 790 5666 milieet,
816 5595 888 5669 auia

943 5596 1054 5656 euntia
1068 5597 1220 5658 insidiosis
1234 5597 1464 5672 cogitationibus
1487 5598 1560 5670 elus.
1577 5618 1591 5647 ι
1609 5593 1764 5655 bevarablt
