<?xml version="1.0" encoding="UTF-8"?>
<!DOCTYPE html PUBLIC "-//W3C//DTD XHTML 1.0 Transitional//EN"
    "http://www.w3.org/TR/xhtml1/DTD/xhtml1-transitional.dtd">
<html xmlns="http://www.w3.org/1999/xhtml" xml:lang="en" lang="en">
 <head>
  <title>
</title>
<meta http-equiv="Content-Type" content="text/html;charset=utf-8" />
  <meta name='ocr-system' content='tesseract 3.04.00' />
  <meta name='ocr-capabilities' content='ocr_page ocr_carea ocr_par ocr_line ocrx_word'/>
</head>
<body>
  <div class='ocr_page' id='page_1' title='image "./patrologiaecurs14goog_0422.png"; bbox 0 0 3826 6014; ppageno 0'>
   <div class='ocr_carea' id='block_1_1' title="bbox 100 209 1802 337">
    <p class='ocr_par' dir='ltr' id='par_1_1' title="bbox 100 209 1802 337">
     <span class='ocr_line' id='line_1_1' title="bbox 100 209 1802 337; baseline 0.005 -10"><span class='ocrx_word' id='word_1_1' title='bbox 100 209 159 327; x_wconf 70' lang='lat' dir='ltr'><em>ero</em></span> <span class='ocrx_word' id='word_1_2' title='bbox 361 263 567 330; x_wconf 70' lang='lat' dir='ltr'><em>connum:</em></span> <span class='ocrx_word' id='word_1_3' title='bbox 590 267 633 330; x_wconf 87' lang='lat' dir='ltr'><em>nv</em></span> <span class='ocrx_word' id='word_1_4' title='bbox 655 267 709 330; x_wconf 90' lang='lat' dir='ltr'><em>xn</em></span> <span class='ocrx_word' id='word_1_5' title='bbox 731 266 877 330; x_wconf 78' lang='lat' dir='ltr'><em>rnorn.</em></span> <span class='ocrx_word' id='word_1_6' title='bbox 901 264 983 327; x_wconf 84' lang='lat' dir='ltr'><em>nm.</em></span> <span class='ocrx_word' id='word_1_7' title='bbox 1007 297 1045 311; x_wconf 89' lang='lat'><em>-</em></span> <span class='ocrx_word' id='word_1_8' title='bbox 1065 266 1105 327; x_wconf 80' lang='lat' dir='ltr'><em>ns</em></span> <span class='ocrx_word' id='word_1_9' title='bbox 1129 268 1296 331; x_wconf 74' lang='lat' dir='ltr'><em>uuonan.</em></span> <span class='ocrx_word' id='word_1_10' title='bbox 1319 271 1391 332; x_wconf 82' lang='lat' dir='ltr'><em>nin.</em></span> <span class='ocrx_word' id='word_1_11' title='bbox 1415 270 1533 336; x_wconf 87' lang='lat' dir='ltr'><em>unus.</em></span> <span class='ocrx_word' id='word_1_12' title='bbox 1741 256 1802 337; x_wconf 81' lang='lat' dir='ltr'><em>sio&#39;</em></span> 
     </span>
    </p>
   </div>
   <div class='ocr_carea' id='block_1_2' title="bbox 92 403 1887 758">
    <p class='ocr_par' dir='ltr' id='par_1_2' title="bbox 92 403 1887 758">
     <span class='ocr_line' id='line_1_2' title="bbox 96 403 1802 479; baseline 0.003 -17"><span class='ocrx_word' id='word_1_13' title='bbox 96 405 199 462; x_wconf 84' lang='lat' dir='ltr'><em>cardos</em></span> <span class='ocrx_word' id='word_1_14' title='bbox 211 405 397 475; x_wconf 76' lang='lat' dir='ltr'><em>premittitur</em></span> <span class='ocrx_word' id='word_1_15' title='bbox 408 405 654 479; x_wconf 75' lang='lat' dir='ltr'><em>preparareviam</em></span> <span class='ocrx_word' id='word_1_16' title='bbox 667 405 828 462; x_wconf 85' lang='lat' dir='ltr'><em>sacerdotio</em></span> <span class='ocrx_word' id='word_1_17' title='bbox 839 421 916 474; x_wconf 90' lang='lat' dir='ltr'><em>vero,</em></span> <span class='ocrx_word' id='word_1_18' title='bbox 936 403 962 471; x_wconf 76' lang='lat' dir='ltr'>A</span> <span class='ocrx_word' id='word_1_19' title='bbox 977 408 1053 460; x_wconf 91' lang='lat' dir='ltr'><em>ctum</em></span> <span class='ocrx_word' id='word_1_20' title='bbox 1070 411 1110 463; x_wconf 89' lang='lat' dir='ltr'><em>esi</em></span> <span class='ocrx_word' id='word_1_21' title='bbox 1122 411 1227 478; x_wconf 88' lang='lat' dir='ltr'><em>autem,</em></span> <span class='ocrx_word' id='word_1_22' title='bbox 1243 423 1307 464; x_wconf 91' lang='lat' dir='ltr'><em>cum</em></span> <span class='ocrx_word' id='word_1_23' title='bbox 1322 409 1408 466; x_wconf 85' lang='lat' dir='ltr'><em>esseni</em></span> <span class='ocrx_word' id='word_1_24' title='bbox 1424 409 1474 478; x_wconf 83' lang='lat' dir='ltr'><em>ibi,</em></span> <span class='ocrx_word' id='word_1_25' title='bbox 1491 407 1603 477; x_wconf 82' lang='lat' dir='ltr'><em>impteti</em></span> <span class='ocrx_word' id='word_1_26' title='bbox 1617 418 1682 465; x_wconf 84' lang='lat' dir='ltr'><em>suut</em></span> <span class='ocrx_word' id='word_1_27' title='bbox 1696 409 1755 466; x_wconf 86' lang='lat' dir='ltr'><em>dics</em></span> <span class='ocrx_word' id='word_1_28' title='bbox 1770 413 1802 467; x_wconf 90' lang='lat' dir='ltr'><em>ut</em></span> 
     </span>
     <span class='ocr_line' id='line_1_3' title="bbox 96 496 1800 572; baseline 0.003 -20"><span class='ocrx_word' id='word_1_29' title='bbox 96 497 240 552; x_wconf 84' lang='lat' dir='ltr'><em>sacerdoti</em></span> <span class='ocrx_word' id='word_1_30' title='bbox 256 513 375 569; x_wconf 83' lang='lat' dir='ltr'><em>magno.</em></span> <span class='ocrx_word' id='word_1_31' title='bbox 390 497 426 551; x_wconf 89' lang='lat' dir='ltr'><em>de</em></span> <span class='ocrx_word' id='word_1_32' title='bbox 446 511 503 567; x_wconf 93' lang='lat' dir='ltr'><em>qno</em></span> <span class='ocrx_word' id='word_1_33' title='bbox 518 501 547 553; x_wconf 88' lang='lat' dir='ltr'><em>et</em></span> <span class='ocrx_word' id='word_1_34' title='bbox 562 497 694 568; x_wconf 87' lang='lat' dir='ltr'><em>protinus</em></span> <span class='ocrx_word' id='word_1_35' title='bbox 709 496 799 553; x_wconf 85' lang='lat' dir='ltr'><em>dicit:</em></span> <span class='ocrx_word' id='word_1_36' title='bbox 819 496 849 550; x_wconf 83' lang='lat' dir='ltr'><em>Et</em></span> <span class='ocrx_word' id='word_1_37' title='bbox 862 501 920 552; x_wconf 87' lang='lat' dir='ltr'><em>sto·</em></span> <span class='ocrx_word' id='word_1_38' title='bbox 972 507 1096 567; x_wconf 86' lang='lat' dir='ltr'><em>pareret,</em></span> <span class='ocrx_word' id='word_1_39' title='bbox 1113 499 1213 555; x_wconf 87' lang='lat' dir='ltr'><em>statim</em></span> <span class='ocrx_word' id='word_1_40' title='bbox 1240 499 1411 571; x_wconf 84' lang='lat' dir='ltr'><em>subjunxit:</em></span> <span class='ocrx_word' id='word_1_41' title='bbox 1428 501 1461 555; x_wconf 83' lang='lat' dir='ltr'><em>Et</em></span> <span class='ocrx_word' id='word_1_42' title='bbox 1482 503 1587 572; x_wconf 76' lang='lat' dir='ltr'><em>peperit</em></span> <span class='ocrx_word' id='word_1_43' title='bbox 1612 501 1703 571; x_wconf 76' lang='lat' dir='ltr'><em>fitium</em></span> <span class='ocrx_word' id='word_1_44' title='bbox 1717 517 1800 558; x_wconf 88' lang='lat' dir='ltr'><em>suum</em></span> 
     </span>
     <span class='ocr_line' id='line_1_4' title="bbox 96 585 1887 663; baseline 0.004 -22"><span class='ocrx_word' id='word_1_45' title='bbox 96 585 146 642; x_wconf 88' lang='lat' dir='ltr'><em>tim</em></span> <span class='ocrx_word' id='word_1_46' title='bbox 161 586 253 641; x_wconf 87' lang='lat' dir='ltr'><em>ueniet</em></span> <span class='ocrx_word' id='word_1_47' title='bbox 267 585 302 640; x_wconf 89' lang='lat' dir='ltr'><em>ad</em></span> <span class='ocrx_word' id='word_1_48' title='bbox 317 585 451 656; x_wconf 86' lang='lat' dir='ltr'><em>temptum</em></span> <span class='ocrx_word' id='word_1_49' title='bbox 470 602 551 640; x_wconf 82' lang='lat' dir='ltr'><em>surim</em></span> <span class='ocrx_word' id='word_1_50' title='bbox 576 586 748 650; x_wconf 79' lang='lat' dir='ltr'><em>Damiaatcr,</em></span> <span class='ocrx_word' id='word_1_51' title='bbox 765 602 844 658; x_wconf 89' lang='lat' dir='ltr'><em>quem</em></span> <span class='ocrx_word' id='word_1_52' title='bbox 875 601 919 641; x_wconf 91' lang='lat' dir='ltr'><em>uos</em></span> <span class='ocrx_word' id='word_1_53' title='bbox 972 586 1187 658; x_wconf 78' lang='lat' dir='ltr'><em>primaqenitum</em></span> <span class='ocrx_word' id='word_1_54' title='bbox 1202 589 1276 660; x_wconf 82' lang='lat' dir='ltr'><em>(buc.</em></span> <span class='ocrx_word' id='word_1_55' title='bbox 1302 589 1342 660; x_wconf 87' lang='lat' dir='ltr'><em>n).</em></span> <span class='ocrx_word' id='word_1_56' title='bbox 1360 590 1452 662; x_wconf 86' lang='lat' dir='ltr'><em>igitur</em></span> <span class='ocrx_word' id='word_1_57' title='bbox 1480 590 1709 663; x_wconf 79' lang='lat' dir='ltr'><em>primogenitum</em></span> <span class='ocrx_word' id='word_1_58' title='bbox 1733 598 1801 648; x_wconf 88' lang='lat' dir='ltr'><em>ante</em></span> <span class='ocrx_word' id='word_1_59' title='bbox 1884 620 1887 627; x_wconf 36' lang='grc' dir='ltr'>ν</span> 
     </span>
     <span class='ocr_line' id='line_1_5' title="bbox 92 676 1790 758; baseline 0.002 -27"><span class='ocrx_word' id='word_1_60' title='bbox 92 678 234 758; x_wconf 81' lang='lat' dir='ltr'><em>quaeritis,</em></span> <span class='ocrx_word' id='word_1_61' title='bbox 251 681 276 730; x_wconf 90' lang='lat' dir='ltr'><em>et</em></span> <span class='ocrx_word' id='word_1_62' title='bbox 299 676 418 746; x_wconf 70' lang='lat' dir='ltr'><em>auectus</em></span> <span class='ocrx_word' id='word_1_63' title='bbox 442 677 596 731; x_wconf 72' lang='lat' dir='ltr'><em>testamenti</em></span> <span class='ocrx_word' id='word_1_64' title='bbox 616 691 696 747; x_wconf 88' lang='lat' dir='ltr'><em>quem</em></span> <span class='ocrx_word' id='word_1_65' title='bbox 716 692 761 731; x_wconf 89' lang='lat' dir='ltr'><em>uas</em></span> <span class='ocrx_word' id='word_1_66' title='bbox 776 676 867 731; x_wconf 83' lang='lat' dir='ltr'><em>ruitis.</em></span> <span class='ocrx_word' id='word_1_67' title='bbox 885 676 919 731; x_wconf 78' lang='lat' dir='ltr'><em>bt</em></span> <span class='ocrx_word' id='word_1_68' title='bbox 975 691 1089 732; x_wconf 87' lang='lat' dir='ltr'><em>omnem</em></span> <span class='ocrx_word' id='word_1_69' title='bbox 1106 684 1281 745; x_wconf 86' lang='lat' dir='ltr'><em>creaturam,</em></span> <span class='ocrx_word' id='word_1_70' title='bbox 1295 679 1522 750; x_wconf 78' lang='lat' dir='ltr'><em>primogenitum</em></span> <span class='ocrx_word' id='word_1_71' title='bbox 1540 678 1570 734; x_wconf 90' lang='lat' dir='ltr'><em>in</em></span> <span class='ocrx_word' id='word_1_72' title='bbox 1589 678 1691 734; x_wconf 87' lang='lat' dir='ltr'><em>multis</em></span> <span class='ocrx_word' id='word_1_73' title='bbox 1708 679 1790 735; x_wconf 82' lang='lat' dir='ltr'><em>tratri</em></span> 
     </span>
    </p>
   </div>
   <div class='ocr_carea' id='block_1_3' title="bbox 97 763 1800 842">
    <p class='ocr_par' dir='ltr' id='par_1_3' title="bbox 97 763 1800 842">
     <span class='ocr_line' id='line_1_6' title="bbox 97 763 1800 842; baseline 0.002 -20"><span class='ocrx_word' id='word_1_74' title='bbox 97 766 261 822; x_wconf 89' lang='lat' dir='ltr'><em>notandum</em></span> <span class='ocrx_word' id='word_1_75' title='bbox 277 766 354 834; x_wconf 89' lang='lat' dir='ltr'><em>quod</em></span> <span class='ocrx_word' id='word_1_76' title='bbox 371 764 564 831; x_wconf 86' lang='lat' dir='ltr'><em>dicit,statim,</em></span> <span class='ocrx_word' id='word_1_77' title='bbox 577 765 721 820; x_wconf 83' lang='lat' dir='ltr'><strong>nonenim</strong></span> <span class='ocrx_word' id='word_1_78' title='bbox 737 763 825 834; x_wconf 68' lang='lat' dir='ltr'><em>ionga</em></span> <span class='ocrx_word' id='word_1_79' title='bbox 837 781 919 820; x_wconf 91' lang='lat' dir='ltr'><em>mora</em></span> <span class='ocrx_word' id='word_1_80' title='bbox 974 765 1029 821; x_wconf 88' lang='lat' dir='ltr'><em>bus</em></span> <span class='ocrx_word' id='word_1_81' title='bbox 1044 767 1132 837; x_wconf 80' lang='lat' dir='ltr'><em>(Rom.</em></span> <span class='ocrx_word' id='word_1_82' title='bbox 1153 783 1223 836; x_wconf 87' lang='lat' dir='ltr'><em>v1n;</em></span> <span class='ocrx_word' id='word_1_83' title='bbox 1242 767 1297 823; x_wconf 82' lang='lat' dir='ltr'><em>Cat.</em></span> <span class='ocrx_word' id='word_1_84' title='bbox 1315 769 1345 839; x_wconf 87' lang='lat' dir='ltr'><em>r),</em></span> <span class='ocrx_word' id='word_1_85' title='bbox 1362 773 1390 824; x_wconf 91' lang='lat' dir='ltr'><em>et</em></span> <span class='ocrx_word' id='word_1_86' title='bbox 1407 768 1470 823; x_wconf 88' lang='lat' dir='ltr'><em>ideo</em></span> <span class='ocrx_word' id='word_1_87' title='bbox 1485 770 1663 825; x_wconf 74' lang='lat' dir='ltr'><em>sacerdotem</em></span> <span class='ocrx_word' id='word_1_88' title='bbox 1677 769 1800 842; x_wconf 76' lang='lat' dir='ltr'><em>dignum</em></span> 
     </span>
    </p>
   </div>
   <div class='ocr_carea' id='block_1_4' title="bbox 95 853 1889 930">
    <p class='ocr_par' dir='ltr' id='par_1_4' title="bbox 95 853 1889 930">
     <span class='ocr_line' id='line_1_7' title="bbox 95 853 1889 930; baseline 0.002 -18"><span class='ocrx_word' id='word_1_89' title='bbox 95 855 240 925; x_wconf 76' lang='lat' dir='ltr'><em>interfuit,</em></span> <span class='ocrx_word' id='word_1_90' title='bbox 257 855 305 910; x_wconf 82' lang='lat' dir='ltr'><em>sed</em></span> <span class='ocrx_word' id='word_1_91' title='bbox 325 857 430 920; x_wconf 88' lang='lat' dir='ltr'><em>statim,</em></span> <span class='ocrx_word' id='word_1_92' title='bbox 451 853 563 909; x_wconf 83' lang='lat' dir='ltr'><em>scilicet</em></span> <span class='ocrx_word' id='word_1_93' title='bbox 592 871 692 910; x_wconf 84' lang='lat' dir='ltr'><em>meuse</em></span> <span class='ocrx_word' id='word_1_94' title='bbox 707 860 799 920; x_wconf 81' lang='lat' dir='ltr'><em>serto,</em></span> <span class='ocrx_word' id='word_1_95' title='bbox 816 855 843 909; x_wconf 91' lang='lat' dir='ltr'><em>id</em></span> <span class='ocrx_word' id='word_1_96' title='bbox 873 857 919 912; x_wconf 85' lang='lat' dir='ltr'><em>est</em></span> <span class='ocrx_word' id='word_1_97' title='bbox 974 856 1800 930; x_wconf 85' lang='lat' dir='ltr'><em>venientemndtemplnmsuum,adsacerdotiumsuum.</em></span> <span class='ocrx_word' id='word_1_98' title='bbox 1885 907 1889 916; x_wconf 92' lang='lat'><em>.</em></span> 
     </span>
    </p>
   </div>
   <div class='ocr_carea' id='block_1_5' title="bbox 91 938 1887 1289">
    <p class='ocr_par' dir='ltr' id='par_1_5' title="bbox 91 938 1887 1289">
     <span class='ocr_line' id='line_1_8' title="bbox 94 938 1887 1021; baseline 0 -17"><span class='ocrx_word' id='word_1_99' title='bbox 94 954 175 1005; x_wconf 82' lang='lat' dir='ltr'><em>sexto</em></span> <span class='ocrx_word' id='word_1_100' title='bbox 193 962 293 1002; x_wconf 84' lang='lat' dir='ltr'><em>mense</em></span> <span class='ocrx_word' id='word_1_101' title='bbox 310 962 326 1001; x_wconf 90' lang='lat' dir='ltr'><em>a</em></span> <span class='ocrx_word' id='word_1_102' title='bbox 341 944 531 1015; x_wconf 79' lang='lat' dir='ltr'>conceptione</span> <span class='ocrx_word' id='word_1_103' title='bbox 546 945 667 1001; x_wconf 83' lang='lat' dir='ltr'><em>ioannis</em></span> <span class='ocrx_word' id='word_1_104' title='bbox 683 947 736 1002; x_wconf 89' lang='lat' dir='ltr'><em>iste</em></span> <span class='ocrx_word' id='word_1_105' title='bbox 750 951 918 1018; x_wconf 87' lang='lat' dir='ltr'><em>conceptus,</em></span> <span class='ocrx_word' id='word_1_106' title='bbox 975 947 1039 1002; x_wconf 82' lang='lat' dir='ltr'><em>Ecce</em></span> <span class='ocrx_word' id='word_1_107' title='bbox 1063 948 1147 1012; x_wconf 85' lang='lat' dir='ltr'><em>uenit,</em></span> <span class='ocrx_word' id='word_1_108' title='bbox 1162 946 1229 1001; x_wconf 88' lang='lat' dir='ltr'><em>dicit</em></span> <span class='ocrx_word' id='word_1_109' title='bbox 1246 946 1378 1002; x_wconf 78' lang='lat' dir='ltr'><em>Dominus</em></span> <span class='ocrx_word' id='word_1_110' title='bbox 1394 949 1575 1005; x_wconf 77' lang='lat' dir='ltr'><em>exercituum.</em></span> <span class='ocrx_word' id='word_1_111' title='bbox 1602 949 1636 1004; x_wconf 82' lang='lat' dir='ltr'><em>iit</em></span> <span class='ocrx_word' id='word_1_112' title='bbox 1662 949 1723 1021; x_wconf 84' lang='lat' dir='ltr'><em>quis</em></span> <span class='ocrx_word' id='word_1_113' title='bbox 1750 963 1799 1020; x_wconf 89' lang='lat' dir='ltr'><em>pa·</em></span> <span class='ocrx_word' id='word_1_114' title='bbox 1884 938 1887 943; x_wconf 67' lang='grc'><strong>’</strong></span> 
     </span>
     <span class='ocr_line' id='line_1_9' title="bbox 95 1034 1798 1109; baseline 0.001 -17"><span class='ocrx_word' id='word_1_115' title='bbox 95 1040 178 1092; x_wconf 86' lang='lat' dir='ltr'><em>sexto</em></span> <span class='ocrx_word' id='word_1_116' title='bbox 205 1051 337 1095; x_wconf 83' lang='lat' dir='ltr'><em>menaea</em></span> <span class='ocrx_word' id='word_1_117' title='bbox 357 1034 507 1090; x_wconf 77' lang='lat' dir='ltr'><em>nativitate</em></span> <span class='ocrx_word' id='word_1_118' title='bbox 520 1034 645 1090; x_wconf 81' lang='lat' dir='ltr'><em>ioannis</em></span> <span class='ocrx_word' id='word_1_119' title='bbox 660 1035 716 1091; x_wconf 85' lang='lat' dir='ltr'><em>iste</em></span> <span class='ocrx_word' id='word_1_120' title='bbox 744 1039 833 1092; x_wconf 85' lang='lat' dir='ltr'><em>natue</em></span> <span class='ocrx_word' id='word_1_121' title='bbox 861 1039 916 1093; x_wconf 87' lang='lat' dir='ltr'><em>est.</em></span> <span class='ocrx_word' id='word_1_122' title='bbox 974 1035 1038 1092; x_wconf 88' lang='lat' dir='ltr'><em>terit</em></span> <span class='ocrx_word' id='word_1_123' title='bbox 1054 1034 1179 1108; x_wconf 65' lang='lat' dir='ltr'><em>capitose</em></span> <span class='ocrx_word' id='word_1_124' title='bbox 1193 1035 1266 1090; x_wconf 89' lang='lat' dir='ltr'><em>diem</em></span> <span class='ocrx_word' id='word_1_125' title='bbox 1281 1035 1415 1093; x_wconf 83' lang='lat' dir='ltr'><em>uduerrtus</em></span> <span class='ocrx_word' id='word_1_126' title='bbox 1429 1037 1510 1109; x_wconf 78' lang='lat' dir='ltr'><em>ejus?</em></span> <span class='ocrx_word' id='word_1_127' title='bbox 1527 1040 1598 1092; x_wconf 88' lang='lat' dir='ltr'><em>Vere</em></span> <span class='ocrx_word' id='word_1_128' title='bbox 1613 1038 1724 1105; x_wconf 81' lang='lat' dir='ltr'><em>nutius,</em></span> <span class='ocrx_word' id='word_1_129' title='bbox 1741 1037 1798 1094; x_wconf 89' lang='lat' dir='ltr'><em>nisi</em></span> 
     </span>
     <span class='ocr_line' id='line_1_10' title="bbox 91 1123 1799 1199; baseline 0.002 -18"><span class='ocrx_word' id='word_1_130' title='bbox 91 1125 222 1198; x_wconf 77' lang='lat' dir='ltr'><em>Uterque</em></span> <span class='ocrx_word' id='word_1_131' title='bbox 242 1123 378 1197; x_wconf 83' lang='lat' dir='ltr'><em>angelus,</em></span> <span class='ocrx_word' id='word_1_132' title='bbox 397 1123 467 1195; x_wconf 91' lang='lat' dir='ltr'><em>quia</em></span> <span class='ocrx_word' id='word_1_133' title='bbox 489 1128 610 1196; x_wconf 87' lang='lat' dir='ltr'><em>uterque</em></span> <span class='ocrx_word' id='word_1_134' title='bbox 635 1125 772 1181; x_wconf 87' lang='lat' dir='ltr'><em>sacerdos</em></span> <span class='ocrx_word' id='word_1_135' title='bbox 795 1130 917 1197; x_wconf 89' lang='lat' dir='ltr'><em>uterque</em></span> <span class='ocrx_word' id='word_1_136' title='bbox 974 1124 1076 1181; x_wconf 79' lang='lat' dir='ltr'><em>cuirel</em></span> <span class='ocrx_word' id='word_1_137' title='bbox 1091 1140 1141 1197; x_wconf 89' lang='lat' dir='ltr'><em>per</em></span> <span class='ocrx_word' id='word_1_138' title='bbox 1156 1126 1304 1197; x_wconf 79' lang='lat' dir='ltr'><em>angeium,</em></span> <span class='ocrx_word' id='word_1_139' title='bbox 1320 1124 1365 1181; x_wconf 89' lang='lat' dir='ltr'><em>vel</em></span> <span class='ocrx_word' id='word_1_140' title='bbox 1390 1126 1642 1199; x_wconf 76' lang='lat' dir='ltr'><em>persemetipsum</em></span> <span class='ocrx_word' id='word_1_141' title='bbox 1665 1127 1799 1184; x_wconf 85' lang='lat' dir='ltr'><em>revelarit</em></span> 
     </span>
     <span class='ocr_line' id='line_1_11' title="bbox 92 1210 1799 1289; baseline 0.001 -16"><span class='ocrx_word' id='word_1_142' title='bbox 92 1213 262 1273; x_wconf 84' lang='lat' dir='ltr'><em>custodiens</em></span> <span class='ocrx_word' id='word_1_143' title='bbox 287 1213 451 1279; x_wconf 86' lang='lat' dir='ltr'><em>scientiam,</em></span> <span class='ocrx_word' id='word_1_144' title='bbox 474 1213 556 1284; x_wconf 76' lang='lat' dir='ltr'><em>Juxta</em></span> <span class='ocrx_word' id='word_1_145' title='bbox 586 1215 663 1286; x_wconf 92' lang='lat' dir='ltr'><em>quod</em></span> <span class='ocrx_word' id='word_1_146' title='bbox 691 1231 779 1287; x_wconf 86' lang='lat' dir='ltr'><em>snpra</em></span> <span class='ocrx_word' id='word_1_147' title='bbox 804 1216 916 1271; x_wconf 90' lang='lat' dir='ltr'><em>dictum</em></span> <span class='ocrx_word' id='word_1_148' title='bbox 974 1210 1100 1284; x_wconf 88' lang='lat' dir='ltr'><em>Spiritus</em></span> <span class='ocrx_word' id='word_1_149' title='bbox 1114 1213 1389 1287; x_wconf 88' lang='lat' dir='ltr'><em>sanctus,eioutper</em></span> <span class='ocrx_word' id='word_1_150' title='bbox 1403 1214 1658 1289; x_wconf 80' lang='lat' dir='ltr'><em>angelumiesepb</em></span> <span class='ocrx_word' id='word_1_151' title='bbox 1675 1217 1734 1274; x_wconf 86' lang='lat' dir='ltr'><em>fitia</em></span> <span class='ocrx_word' id='word_1_152' title='bbox 1745 1219 1799 1274; x_wconf 85' lang='lat' dir='ltr'><em>Ua·</em></span> 
     </span>
    </p>
   </div>
   <div class='ocr_carea' id='block_1_6' title="bbox 96 1301 1892 1377">
    <p class='ocr_par' dir='ltr' id='par_1_6' title="bbox 96 1301 1892 1377">
     <span class='ocr_line' id='line_1_12' title="bbox 96 1301 1892 1377; baseline 0.001 -16"><span class='ocrx_word' id='word_1_153' title='bbox 96 1304 270 1361; x_wconf 78' lang='lat' dir='ltr'><em>estzbabia</em></span> <span class='ocrx_word' id='word_1_154' title='bbox 299 1301 449 1359; x_wconf 86' lang='lat' dir='ltr'><em>sacerdotis</em></span> <span class='ocrx_word' id='word_1_155' title='bbox 477 1302 793 1372; x_wconf 85' lang='lat' dir='ltr'><em>custadieutscieutiom,</em></span> <span class='ocrx_word' id='word_1_156' title='bbox 823 1313 850 1359; x_wconf 87' lang='lat' dir='ltr'><em>et</em></span> <span class='ocrx_word' id='word_1_157' title='bbox 876 1301 918 1361; x_wconf 88' lang='lat' dir='ltr'><em>ie·</em></span> <span class='ocrx_word' id='word_1_158' title='bbox 973 1303 1646 1377; x_wconf 78' lang='lat' dir='ltr'><em>vidtbbattb.1),sioutpereemetipsumjusto</em></span> <span class='ocrx_word' id='word_1_159' title='bbox 1668 1306 1798 1363; x_wconf 78' lang='lat' dir='ltr'><em>simeoni</em></span> <span class='ocrx_word' id='word_1_160' title='bbox 1889 1304 1892 1309; x_wconf 83' lang='lat'>&#39;</span> 
     </span>
    </p>
   </div>
   <div class='ocr_carea' id='block_1_7' title="bbox 90 1391 1871 2004">
    <p class='ocr_par' dir='ltr' id='par_1_7' title="bbox 90 1391 1871 2004">
     <span class='ocr_line' id='line_1_13' title="bbox 90 1391 1799 1465; baseline 0.001 -15"><span class='ocrx_word' id='word_1_161' title='bbox 90 1409 152 1465; x_wconf 81' lang='lat' dir='ltr'><em>pem</em></span> <span class='ocrx_word' id='word_1_162' title='bbox 180 1393 319 1464; x_wconf 83' lang='lat' dir='ltr'><em>requirent</em></span> <span class='ocrx_word' id='word_1_163' title='bbox 342 1408 379 1448; x_wconf 78' lang='lat' dir='ltr'><em>ex</em></span> <span class='ocrx_word' id='word_1_164' title='bbox 403 1407 451 1448; x_wconf 86' lang='lat' dir='ltr'><em>are</em></span> <span class='ocrx_word' id='word_1_165' title='bbox 479 1393 548 1464; x_wconf 74' lang='lat' dir='ltr'><em>eius,</em></span> <span class='ocrx_word' id='word_1_166' title='bbox 579 1393 644 1465; x_wconf 88' lang='lat' dir='ltr'><em>quia</em></span> <span class='ocrx_word' id='word_1_167' title='bbox 670 1395 785 1465; x_wconf 79' lang='lat' dir='ltr'><em>capetus</em></span> <span class='ocrx_word' id='word_1_168' title='bbox 809 1393 919 1451; x_wconf 79' lang='lat' dir='ltr'><em>domiui</em></span> <span class='ocrx_word' id='word_1_169' title='bbox 974 1391 1199 1465; x_wconf 82' lang='lat' dir='ltr'><em>revetavit(iuc.</em></span> <span class='ocrx_word' id='word_1_170' title='bbox 1216 1392 1258 1465; x_wconf 82' lang='grc' dir='ltr'>ιι).</span> <span class='ocrx_word' id='word_1_171' title='bbox 1274 1393 1378 1449; x_wconf 84' lang='lat' dir='ltr'><em>Veniet</em></span> <span class='ocrx_word' id='word_1_172' title='bbox 1392 1392 1469 1449; x_wconf 89' lang='lat' dir='ltr'><em>enim</em></span> <span class='ocrx_word' id='word_1_173' title='bbox 1487 1394 1630 1462; x_wconf 81' lang='lat' dir='ltr'><em>occuitus,</em></span> <span class='ocrx_word' id='word_1_174' title='bbox 1646 1394 1742 1452; x_wconf 89' lang='lat' dir='ltr'><em>veniet</em></span> <span class='ocrx_word' id='word_1_175' title='bbox 1758 1395 1799 1452; x_wconf 88' lang='lat' dir='ltr'><em>si·</em></span> 
     </span>
     <span class='ocr_line' id='line_1_14' title="bbox 91 1481 1798 1557; baseline 0 -15"><span class='ocrx_word' id='word_1_176' title='bbox 91 1483 266 1541; x_wconf 70' lang='lat' dir='ltr'><em>exercituum</em></span> <span class='ocrx_word' id='word_1_177' title='bbox 292 1484 345 1537; x_wconf 85' lang='lat' dir='ltr'><em>est.</em></span> <span class='ocrx_word' id='word_1_178' title='bbox 372 1481 509 1554; x_wconf 83' lang='lat' dir='ltr'><em>Uterque,</em></span> <span class='ocrx_word' id='word_1_179' title='bbox 539 1483 671 1555; x_wconf 88' lang='lat' dir='ltr'><em>inquam,</em></span> <span class='ocrx_word' id='word_1_180' title='bbox 705 1483 838 1557; x_wconf 80' lang='lat' dir='ltr'><em>angelos,</em></span> <span class='ocrx_word' id='word_1_181' title='bbox 866 1485 916 1541; x_wconf 90' lang='lat' dir='ltr'><em>sed</em></span> <span class='ocrx_word' id='word_1_182' title='bbox 975 1487 1024 1538; x_wconf 90' lang='lat' dir='ltr'><em>cut</em></span> <span class='ocrx_word' id='word_1_183' title='bbox 1039 1481 1120 1538; x_wconf 89' lang='lat' dir='ltr'><em>mitis</em></span> <span class='ocrx_word' id='word_1_184' title='bbox 1149 1481 1311 1539; x_wconf 82' lang='lat' dir='ltr'><em>ethumiiis</em></span> <span class='ocrx_word' id='word_1_185' title='bbox 1339 1482 1521 1551; x_wconf 88' lang='lat' dir='ltr'><em>corde,nuila</em></span> <span class='ocrx_word' id='word_1_186' title='bbox 1549 1482 1663 1541; x_wconf 80' lang='lat' dir='ltr'><em>scilicet</em></span> <span class='ocrx_word' id='word_1_187' title='bbox 1691 1501 1798 1557; x_wconf 89' lang='lat' dir='ltr'><em>pompa</em></span> 
     </span>
     <span class='ocr_line' id='line_1_15' title="bbox 93 1570 1798 1658; baseline -0.001 -27"><span class='ocrx_word' id='word_1_188' title='bbox 93 1590 151 1631; x_wconf 92' lang='lat' dir='ltr'><em>non</em></span> <span class='ocrx_word' id='word_1_189' title='bbox 168 1573 231 1646; x_wconf 89' lang='lat' dir='ltr'><em>pari</em></span> <span class='ocrx_word' id='word_1_190' title='bbox 247 1572 343 1629; x_wconf 90' lang='lat' dir='ltr'><em>modo.</em></span> <span class='ocrx_word' id='word_1_191' title='bbox 361 1570 411 1627; x_wconf 88' lang='lat' dir='ltr'><em>lile</em></span> <span class='ocrx_word' id='word_1_192' title='bbox 426 1570 504 1627; x_wconf 89' lang='lat' dir='ltr'><em>enim</em></span> <span class='ocrx_word' id='word_1_193' title='bbox 519 1575 635 1627; x_wconf 89' lang='lat' dir='ltr'><em>tantum</em></span> <span class='ocrx_word' id='word_1_194' title='bbox 651 1570 740 1629; x_wconf 92' lang='lat' dir='ltr'><em>bomo</em></span> <span class='ocrx_word' id='word_1_195' title='bbox 769 1573 919 1641; x_wconf 82' lang='lat' dir='ltr'><em>sacerdos,</em></span> <span class='ocrx_word' id='word_1_196' title='bbox 975 1572 1658 1658; x_wconf 61' lang='lat' dir='ltr'><em>precedentium}subsequentemulipclamoris</em></span> <span class='ocrx_word' id='word_1_197' title='bbox 1674 1572 1716 1631; x_wconf 86' lang='lat' dir='ltr'><em>vel</em></span> <span class='ocrx_word' id='word_1_198' title='bbox 1728 1590 1798 1630; x_wconf 89' lang='lat' dir='ltr'><em>eon·</em></span> 
     </span>
     <span class='ocr_line' id='line_1_16' title="bbox 93 1660 1796 1735; baseline -0.001 -16"><span class='ocrx_word' id='word_1_199' title='bbox 93 1662 150 1725; x_wconf 78' lang='lat' dir='ltr'><em>iste</em></span> <span class='ocrx_word' id='word_1_200' title='bbox 166 1668 264 1718; x_wconf 87' lang='lat' dir='ltr'><em>autem</em></span> <span class='ocrx_word' id='word_1_201' title='bbox 281 1665 308 1717; x_wconf 90' lang='lat' dir='ltr'><em>et</em></span> <span class='ocrx_word' id='word_1_202' title='bbox 333 1660 504 1716; x_wconf 85' lang='lat' dir='ltr'><em>Dominator</em></span> <span class='ocrx_word' id='word_1_203' title='bbox 518 1664 546 1716; x_wconf 86' lang='lat' dir='ltr'><em>et</em></span> <span class='ocrx_word' id='word_1_204' title='bbox 574 1661 721 1728; x_wconf 86' lang='lat' dir='ltr'><em>sacerdos,</em></span> <span class='ocrx_word' id='word_1_205' title='bbox 738 1661 765 1716; x_wconf 92' lang='lat' dir='ltr'><em>id</em></span> <span class='ocrx_word' id='word_1_206' title='bbox 795 1665 840 1718; x_wconf 88' lang='lat' dir='ltr'><em>est</em></span> <span class='ocrx_word' id='word_1_207' title='bbox 867 1667 919 1718; x_wconf 84' lang='lat' dir='ltr'><em>Do·</em></span> <span class='ocrx_word' id='word_1_208' title='bbox 974 1660 1113 1718; x_wconf 72' lang='lat' dir='ltr'><em>tensionis</em></span> <span class='ocrx_word' id='word_1_209' title='bbox 1129 1662 1200 1718; x_wconf 85' lang='lat' dir='ltr'><em>tuba</em></span> <span class='ocrx_word' id='word_1_210' title='bbox 1215 1667 1402 1735; x_wconf 77' lang='lat' dir='ltr'><em>personante.</em></span> <span class='ocrx_word' id='word_1_211' title='bbox 1418 1662 1622 1734; x_wconf 74' lang='lat' dir='ltr'><em>aequissumi</em></span> <span class='ocrx_word' id='word_1_212' title='bbox 1645 1663 1681 1718; x_wconf 87' lang='lat' dir='ltr'><em>ad</em></span> <span class='ocrx_word' id='word_1_213' title='bbox 1697 1664 1796 1720; x_wconf 85' lang='lat' dir='ltr'><em>uidea-</em></span> 
     </span>
     <span class='ocr_line' id='line_1_17' title="bbox 96 1746 1800 1844; baseline 0.001 -35"><span class='ocrx_word' id='word_1_214' title='bbox 96 1746 195 1809; x_wconf 85' lang='lat' dir='ltr'><em>mious</em></span> <span class='ocrx_word' id='word_1_215' title='bbox 211 1754 240 1806; x_wconf 88' lang='lat' dir='ltr'><em>et</em></span> <span class='ocrx_word' id='word_1_216' title='bbox 253 1749 343 1816; x_wconf 87' lang='lat' dir='ltr'><em>Deus,</em></span> <span class='ocrx_word' id='word_1_217' title='bbox 370 1755 398 1805; x_wconf 89' lang='lat' dir='ltr'><em>et</em></span> <span class='ocrx_word' id='word_1_218' title='bbox 427 1749 514 1806; x_wconf 91' lang='lat' dir='ltr'><em>bomo</em></span> <span class='ocrx_word' id='word_1_219' title='bbox 541 1750 687 1806; x_wconf 81' lang='lat' dir='ltr'><em>secordes.</em></span> <span class='ocrx_word' id='word_1_220' title='bbox 704 1750 785 1808; x_wconf 89' lang='lat' dir='ltr'><em>Unde</em></span> <span class='ocrx_word' id='word_1_221' title='bbox 813 1755 842 1807; x_wconf 95' lang='lat' dir='ltr'><em>et</em></span> <span class='ocrx_word' id='word_1_222' title='bbox 869 1749 919 1807; x_wconf 91' lang='lat' dir='ltr'><em>lit·</em></span> <span class='ocrx_word' id='word_1_223' title='bbox 935 1751 1039 1844; x_wconf 76' lang='lat' dir='ltr'><em>Bdum</em></span> <span class='ocrx_word' id='word_1_224' title='bbox 1053 1749 1138 1806; x_wconf 87' lang='lat' dir='ltr'><em>eum‘i</em></span> <span class='ocrx_word' id='word_1_225' title='bbox 1154 1755 1213 1823; x_wconf 80' lang='lat' dir='ltr'><em>lpse</em></span> <span class='ocrx_word' id='word_1_226' title='bbox 1224 1750 1297 1809; x_wconf 79' lang='lat' dir='ltr'><em>raim</em></span> <span class='ocrx_word' id='word_1_227' title='bbox 1313 1751 1394 1824; x_wconf 87' lang='lat' dir='ltr'><em>quusi</em></span> <span class='ocrx_word' id='word_1_228' title='bbox 1407 1751 1482 1822; x_wconf 82' lang='lat' dir='ltr'><em>ipuis</em></span> <span class='ocrx_word' id='word_1_229' title='bbox 1499 1753 1627 1822; x_wconf 73' lang='lat' dir='ltr'><em>mutiam,</em></span> <span class='ocrx_word' id='word_1_230' title='bbox 1644 1761 1693 1808; x_wconf 89' lang='lat' dir='ltr'><em>aut</em></span> <span class='ocrx_word' id='word_1_231' title='bbox 1717 1754 1800 1824; x_wconf 86' lang='lat' dir='ltr'><em>quusi</em></span> 
     </span>
     <span class='ocr_line' id='line_1_18' title="bbox 90 1838 1871 1912; baseline 0 -15"><span class='ocrx_word' id='word_1_232' title='bbox 90 1849 153 1897; x_wconf 84' lang='lat' dir='ltr'><em>tara</em></span> <span class='ocrx_word' id='word_1_233' title='bbox 168 1840 288 1896; x_wconf 90' lang='lat' dir='ltr'><em>modum</em></span> <span class='ocrx_word' id='word_1_234' title='bbox 307 1839 463 1912; x_wconf 90' lang='lat' dir='ltr'><em>utriusque</em></span> <span class='ocrx_word' id='word_1_235' title='bbox 479 1844 555 1894; x_wconf 88' lang='lat' dir='ltr'><em>recte</em></span> <span class='ocrx_word' id='word_1_236' title='bbox 569 1839 705 1903; x_wconf 87' lang='lat' dir='ltr'><em>dicernit.</em></span> <span class='ocrx_word' id='word_1_237' title='bbox 720 1840 791 1896; x_wconf 93' lang='lat' dir='ltr'><em>dum</em></span> <span class='ocrx_word' id='word_1_238' title='bbox 812 1840 848 1896; x_wconf 89' lang='lat' dir='ltr'><em>de</em></span> <span class='ocrx_word' id='word_1_239' title='bbox 869 1838 921 1896; x_wconf 88' lang='lat' dir='ltr'><em>iilo</em></span> <span class='ocrx_word' id='word_1_240' title='bbox 974 1839 1058 1896; x_wconf 82' lang='lat' dir='ltr'><em>iserbo</em></span> <span class='ocrx_word' id='word_1_241' title='bbox 1072 1840 1226 1912; x_wconf 73' lang='lat' dir='ltr'><em>pulianum.</em></span> <span class='ocrx_word' id='word_1_242' title='bbox 1243 1840 1274 1895; x_wconf 79' lang='lat' dir='ltr'><em>bt</em></span> <span class='ocrx_word' id='word_1_243' title='bbox 1288 1841 1391 1897; x_wconf 87' lang='lat' dir='ltr'><em>sedebit</em></span> <span class='ocrx_word' id='word_1_244' title='bbox 1403 1840 1525 1912; x_wconf 70' lang='lat' dir='ltr'><em>conflans</em></span> <span class='ocrx_word' id='word_1_245' title='bbox 1544 1849 1570 1896; x_wconf 90' lang='lat' dir='ltr'><em>et</em></span> <span class='ocrx_word' id='word_1_246' title='bbox 1584 1840 1737 1897; x_wconf 85' lang='lat' dir='ltr'><em>emundans</em></span> <span class='ocrx_word' id='word_1_247' title='bbox 1750 1858 1799 1898; x_wconf 90' lang='lat' dir='ltr'><em>ar·</em></span> <span class='ocrx_word' id='word_1_248' title='bbox 1868 1864 1871 1869; x_wconf 96' lang='lat'>·</span> 
     </span>
     <span class='ocr_line' id='line_1_19' title="bbox 94 1920 1856 2004; baseline 0.002 -18"><span class='ocrx_word' id='word_1_249' title='bbox 94 1930 167 1986; x_wconf 89' lang='lat' dir='ltr'><em>dicit</em></span> <span class='ocrx_word' id='word_1_250' title='bbox 181 1927 238 1984; x_wconf 92' lang='lat' dir='ltr'><em>boo</em></span> <span class='ocrx_word' id='word_1_251' title='bbox 253 1929 474 1984; x_wconf 79' lang='lat' dir='ltr'><em>tantumtticee</em></span> <span class='ocrx_word' id='word_1_252' title='bbox 494 1943 541 1999; x_wconf 81' lang='lat' dir='ltr'><em>epo</em></span> <span class='ocrx_word' id='word_1_253' title='bbox 555 1930 635 1984; x_wconf 91' lang='lat' dir='ltr'><em>mitto</em></span> <span class='ocrx_word' id='word_1_254' title='bbox 659 1929 792 2000; x_wconf 76' lang='lat' dir='ltr'><em>inpetum</em></span> <span class='ocrx_word' id='word_1_255' title='bbox 819 1944 920 1999; x_wconf 89' lang='lat' dir='ltr'><em>meum,</em></span> <span class='ocrx_word' id='word_1_256' title='bbox 973 1936 1097 1999; x_wconf 82' lang='lat' dir='ltr'><em>pentum,</em></span> <span class='ocrx_word' id='word_1_257' title='bbox 1117 1937 1142 1986; x_wconf 91' lang='lat' dir='ltr'><em>et</em></span> <span class='ocrx_word' id='word_1_258' title='bbox 1156 1930 1287 2001; x_wconf 76' lang='lat' dir='ltr'><em>pur-pabit</em></span> <span class='ocrx_word' id='word_1_259' title='bbox 1300 1930 1372 2001; x_wconf 73' lang='lat' dir='ltr'><em>pitius</em></span> <span class='ocrx_word' id='word_1_260' title='bbox 1386 1932 1462 1987; x_wconf 84' lang='lat' dir='ltr'><em>beai.</em></span> <span class='ocrx_word' id='word_1_261' title='bbox 1480 1934 1514 1987; x_wconf 82' lang='lat' dir='ltr'><em>et</em></span> <span class='ocrx_word' id='word_1_262' title='bbox 1526 1930 1626 1987; x_wconf 86' lang='lat' dir='ltr'><em>rotabit</em></span> <span class='ocrx_word' id='word_1_263' title='bbox 1650 1946 1694 1986; x_wconf 89' lang='lat' dir='ltr'><em>eas</em></span> <span class='ocrx_word' id='word_1_264' title='bbox 1719 1933 1800 2004; x_wconf 85' lang='lat' dir='ltr'><em>quari</em></span> <span class='ocrx_word' id='word_1_265' title='bbox 1852 1920 1856 1927; x_wconf 70' lang='grc'><strong>’</strong></span> 
     </span>
    </p>
   </div>
   <div class='ocr_carea' id='block_1_8' title="bbox 93 2017 1888 2095">
    <p class='ocr_par' dir='ltr' id='par_1_8' title="bbox 93 2017 1888 2095">
     <span class='ocr_line' id='line_1_20' title="bbox 93 2017 1888 2095; baseline 0.001 -20"><span class='ocrx_word' id='word_1_266' title='bbox 93 2019 129 2075; x_wconf 91' lang='lat' dir='ltr'><em>de</em></span> <span class='ocrx_word' id='word_1_267' title='bbox 163 2020 220 2075; x_wconf 85' lang='lat' dir='ltr'><em>isto</em></span> <span class='ocrx_word' id='word_1_268' title='bbox 260 2022 372 2087; x_wconf 87' lang='lat' dir='ltr'><em>autem,</em></span> <span class='ocrx_word' id='word_1_269' title='bbox 405 2025 432 2072; x_wconf 90' lang='lat' dir='ltr'><em>et</em></span> <span class='ocrx_word' id='word_1_270' title='bbox 464 2018 560 2072; x_wconf 89' lang='lat' dir='ltr'><em>statim</em></span> <span class='ocrx_word' id='word_1_271' title='bbox 592 2018 680 2074; x_wconf 87' lang='lat' dir='ltr'><em>ueniet</em></span> <span class='ocrx_word' id='word_1_272' title='bbox 715 2018 755 2075; x_wconf 82' lang='lat' dir='ltr'><em>ad</em></span> <span class='ocrx_word' id='word_1_273' title='bbox 788 2017 922 2090; x_wconf 85' lang='lat' dir='ltr'><em>tempium</em></span> <span class='ocrx_word' id='word_1_274' title='bbox 973 2036 1074 2076; x_wconf 89' lang='lat' dir='ltr'><em>aurum</em></span> <span class='ocrx_word' id='word_1_275' title='bbox 1089 2028 1116 2076; x_wconf 88' lang='lat' dir='ltr'><em>et</em></span> <span class='ocrx_word' id='word_1_276' title='bbox 1130 2019 1211 2092; x_wconf 84' lang='lat' dir='ltr'><em>quasi</em></span> <span class='ocrx_word' id='word_1_277' title='bbox 1224 2025 1415 2089; x_wconf 76' lang='lat' dir='ltr'><em>repertumst</em></span> <span class='ocrx_word' id='word_1_278' title='bbox 1430 2021 1639 2077; x_wconf 84' lang='lat' dir='ltr'><em>eruutbomina</em></span> <span class='ocrx_word' id='word_1_279' title='bbox 1653 2018 1799 2095; x_wconf 80' lang='lat' dir='ltr'><em>offerentes</em></span> <span class='ocrx_word' id='word_1_280' title='bbox 1884 2020 1888 2025; x_wconf 85' lang='lat'>&#39;</span> 
     </span>
    </p>
   </div>
   <div class='ocr_carea' id='block_1_9' title="bbox 92 2107 1799 2902">
    <p class='ocr_par' dir='ltr' id='par_1_9' title="bbox 92 2107 1799 2902">
     <span class='ocr_line' id='line_1_21' title="bbox 93 2107 1798 2183; baseline 0.001 -20"><span class='ocrx_word' id='word_1_281' title='bbox 93 2124 176 2164; x_wconf 91' lang='lat' dir='ltr'><em>suum</em></span> <span class='ocrx_word' id='word_1_282' title='bbox 209 2108 371 2162; x_wconf 87' lang='lat' dir='ltr'><em>Damiuator</em></span> <span class='ocrx_word' id='word_1_283' title='bbox 408 2122 488 2178; x_wconf 86' lang='lat' dir='ltr'><em>quem</em></span> <span class='ocrx_word' id='word_1_284' title='bbox 520 2108 769 2179; x_wconf 59' lang='lat' dir='ltr'><em>respueretque</em></span> <span class='ocrx_word' id='word_1_285' title='bbox 802 2107 921 2180; x_wconf 75' lang='lat' dir='ltr'><em>inpetus</em></span> <span class='ocrx_word' id='word_1_286' title='bbox 973 2109 1343 2183; x_wconf 67' lang='lat' dir='ltr'><em>sacrificiaiuiustitiaAEt</em></span> <span class='ocrx_word' id='word_1_287' title='bbox 1360 2110 1478 2182; x_wconf 80' lang='lat' dir='ltr'><em>placebit</em></span> <span class='ocrx_word' id='word_1_288' title='bbox 1494 2110 1608 2166; x_wconf 78' lang='lat' dir='ltr'><em>bosniae</em></span> <span class='ocrx_word' id='word_1_289' title='bbox 1629 2110 1798 2180; x_wconf 72' lang='lat' dir='ltr'><em>sacrificium</em></span> 
     </span>
     <span class='ocr_line' id='line_1_22' title="bbox 94 2194 1798 2270; baseline 0.002 -16"><span class='ocrx_word' id='word_1_290' title='bbox 94 2196 172 2255; x_wconf 70' lang='lat'><em>80⁰</em></span> <span class='ocrx_word' id='word_1_291' title='bbox 208 2194 367 2253; x_wconf 82' lang='lat' dir='ltr'><em>testamenti</em></span> <span class='ocrx_word' id='word_1_292' title='bbox 399 2210 480 2267; x_wconf 88' lang='lat' dir='ltr'><em>quem</em></span> <span class='ocrx_word' id='word_1_293' title='bbox 512 2211 557 2251; x_wconf 88' lang='lat' dir='ltr'><em>uas</em></span> <span class='ocrx_word' id='word_1_294' title='bbox 589 2196 682 2252; x_wconf 76' lang='lat' dir='ltr'><em>cattia</em></span> <span class='ocrx_word' id='word_1_295' title='bbox 698 2197 740 2252; x_wconf 79' lang='lat' dir='ltr'><em>ad</em></span> <span class='ocrx_word' id='word_1_296' title='bbox 774 2212 849 2268; x_wconf 90' lang='lat' dir='ltr'><em>quoe</em></span> <span class='ocrx_word' id='word_1_297' title='bbox 867 2212 920 2252; x_wconf 88' lang='lat' dir='ltr'><em>au·</em></span> <span class='ocrx_word' id='word_1_298' title='bbox 972 2200 1054 2270; x_wconf 85' lang='lat' dir='ltr'><em>iuda,</em></span> <span class='ocrx_word' id='word_1_299' title='bbox 1081 2203 1107 2256; x_wconf 85' lang='lat' dir='ltr'><em>et</em></span> <span class='ocrx_word' id='word_1_300' title='bbox 1135 2199 1317 2268; x_wconf 74' lang='lat' dir='ltr'><em>Hierusalem,</em></span> <span class='ocrx_word' id='word_1_301' title='bbox 1347 2201 1417 2256; x_wconf 85' lang='lat' dir='ltr'><em>sieut</em></span> <span class='ocrx_word' id='word_1_302' title='bbox 1441 2198 1500 2255; x_wconf 86' lang='lat' dir='ltr'><em>dies</em></span> <span class='ocrx_word' id='word_1_303' title='bbox 1527 2199 1634 2263; x_wconf 75' lang='lat' dir='ltr'><em>serinii,</em></span> <span class='ocrx_word' id='word_1_304' title='bbox 1663 2207 1690 2255; x_wconf 90' lang='lat' dir='ltr'><em>et</em></span> <span class='ocrx_word' id='word_1_305' title='bbox 1724 2201 1798 2257; x_wconf 87' lang='lat' dir='ltr'><em>sicut</em></span> 
     </span>
     <span class='ocr_line' id='line_1_23' title="bbox 97 2286 1798 2361; baseline 0.001 -18"><span class='ocrx_word' id='word_1_306' title='bbox 97 2292 154 2344; x_wconf 89' lang='lat' dir='ltr'><em>tem</em></span> <span class='ocrx_word' id='word_1_307' title='bbox 175 2286 317 2360; x_wconf 90' lang='lat' dir='ltr'><em>loquitur,</em></span> <span class='ocrx_word' id='word_1_308' title='bbox 334 2287 455 2343; x_wconf 87' lang='lat' dir='ltr'><em>dicens:</em></span> <span class='ocrx_word' id='word_1_309' title='bbox 474 2286 558 2356; x_wconf 78' lang='lat' dir='ltr'><em>Quem</em></span> <span class='ocrx_word' id='word_1_310' title='bbox 576 2303 622 2343; x_wconf 88' lang='lat' dir='ltr'><em>uos</em></span> <span class='ocrx_word' id='word_1_311' title='bbox 654 2289 791 2360; x_wconf 77' lang='lat' dir='ltr'><em>quarite,</em></span> <span class='ocrx_word' id='word_1_312' title='bbox 806 2288 863 2344; x_wconf 87' lang='lat' dir='ltr'><em>nisi</em></span> <span class='ocrx_word' id='word_1_313' title='bbox 884 2290 920 2346; x_wconf 89' lang='lat' dir='ltr'><em>ad</em></span> <span class='ocrx_word' id='word_1_314' title='bbox 973 2291 1042 2346; x_wconf 84' lang='lat' dir='ltr'><em>anni</em></span> <span class='ocrx_word' id='word_1_315' title='bbox 1061 2290 1181 2361; x_wconf 83' lang='lat' dir='ltr'><em>antiqui.</em></span> <span class='ocrx_word' id='word_1_316' title='bbox 1198 2319 1231 2330; x_wconf 90' lang='lat'><em>-</em></span> <span class='ocrx_word' id='word_1_317' title='bbox 1247 2288 1324 2359; x_wconf 83' lang='lat' dir='ltr'><em>Quis,</em></span> <span class='ocrx_word' id='word_1_318' title='bbox 1349 2288 1451 2360; x_wconf 88' lang='lat' dir='ltr'><em>inquit,</em></span> <span class='ocrx_word' id='word_1_319' title='bbox 1476 2288 1560 2345; x_wconf 90' lang='lat' dir='ltr'><em>stabit</em></span> <span class='ocrx_word' id='word_1_320' title='bbox 1587 2288 1625 2344; x_wconf 88' lang='lat' dir='ltr'><em>ad</em></span> <span class='ocrx_word' id='word_1_321' title='bbox 1649 2287 1798 2345; x_wconf 83' lang='lat' dir='ltr'><em>uidendum</em></span> 
     </span>
     <span class='ocr_line' id='line_1_24' title="bbox 99 2375 1797 2449; baseline 0.002 -16"><span class='ocrx_word' id='word_1_322' title='bbox 99 2375 824 2449; x_wconf 78' lang='lat' dir='ltr'><em>veroebiiontevi,quorumduiriierpostmodum</em></span> <span class='ocrx_word' id='word_1_323' title='bbox 840 2396 922 2437; x_wconf 89' lang='lat' dir='ltr'><em>men·</em></span> <span class='ocrx_word' id='word_1_324' title='bbox 972 2379 1057 2436; x_wconf 78' lang='lat' dir='ltr'><em>eum?</em></span> <span class='ocrx_word' id='word_1_325' title='bbox 1083 2382 1156 2434; x_wconf 88' lang='lat' dir='ltr'><em>Vere</em></span> <span class='ocrx_word' id='word_1_326' title='bbox 1181 2395 1238 2434; x_wconf 89' lang='lat' dir='ltr'><em>oon</em></span> <span class='ocrx_word' id='word_1_327' title='bbox 1269 2378 1479 2445; x_wconf 86' lang='lat' dir='ltr'><em>sacerdotium,</em></span> <span class='ocrx_word' id='word_1_328' title='bbox 1509 2394 1566 2433; x_wconf 90' lang='lat' dir='ltr'><em>non</em></span> <span class='ocrx_word' id='word_1_329' title='bbox 1595 2379 1710 2448; x_wconf 89' lang='lat' dir='ltr'><em>civitas,</em></span> <span class='ocrx_word' id='word_1_330' title='bbox 1739 2394 1797 2436; x_wconf 90' lang='lat' dir='ltr'><em>aon</em></span> 
     </span>
     <span class='ocr_line' id='line_1_25' title="bbox 96 2466 1796 2542; baseline 0.001 -20"><span class='ocrx_word' id='word_1_331' title='bbox 96 2469 207 2524; x_wconf 88' lang='lat' dir='ltr'><em>tionem</em></span> <span class='ocrx_word' id='word_1_332' title='bbox 223 2467 303 2536; x_wconf 86' lang='lat' dir='ltr'><em>iecit,</em></span> <span class='ocrx_word' id='word_1_333' title='bbox 320 2467 355 2522; x_wconf 93' lang='lat' dir='ltr'><em>ad</em></span> <span class='ocrx_word' id='word_1_334' title='bbox 383 2466 498 2538; x_wconf 86' lang='lat' dir='ltr'><em>eosqui</em></span> <span class='ocrx_word' id='word_1_335' title='bbox 523 2467 729 2538; x_wconf 86' lang='lat' dir='ltr'><em>exspectabant</em></span> <span class='ocrx_word' id='word_1_336' title='bbox 744 2468 921 2541; x_wconf 87' lang='lat' dir='ltr'><em>redemptio·</em></span> <span class='ocrx_word' id='word_1_337' title='bbox 973 2467 1116 2542; x_wconf 89' lang='lat' dir='ltr'><em>templum</em></span> <span class='ocrx_word' id='word_1_338' title='bbox 1132 2484 1244 2536; x_wconf 90' lang='lat' dir='ltr'><em>eorum,</em></span> <span class='ocrx_word' id='word_1_339' title='bbox 1261 2467 1426 2540; x_wconf 88' lang='lat' dir='ltr'><em>quioculos</em></span> <span class='ocrx_word' id='word_1_340' title='bbox 1442 2484 1499 2524; x_wconf 91' lang='lat' dir='ltr'><em>non</em></span> <span class='ocrx_word' id='word_1_341' title='bbox 1525 2467 1676 2523; x_wconf 87' lang='lat' dir='ltr'><em>habebunt</em></span> <span class='ocrx_word' id='word_1_342' title='bbox 1701 2467 1740 2524; x_wconf 88' lang='lat' dir='ltr'><em>ad</em></span> <span class='ocrx_word' id='word_1_343' title='bbox 1754 2467 1796 2524; x_wconf 88' lang='lat' dir='ltr'><em>vi-</em></span> 
     </span>
     <span class='ocr_line' id='line_1_26' title="bbox 99 2555 1799 2631; baseline 0.002 -19"><span class='ocrx_word' id='word_1_344' title='bbox 99 2573 166 2613; x_wconf 81' lang='lat' dir='ltr'><em>nem</em></span> <span class='ocrx_word' id='word_1_345' title='bbox 177 2561 206 2614; x_wconf 89' lang='lat' dir='ltr'><em>et</em></span> <span class='ocrx_word' id='word_1_346' title='bbox 217 2555 447 2613; x_wconf 75' lang='lat' dir='ltr'><em>consistationem</em></span> <span class='ocrx_word' id='word_1_347' title='bbox 463 2555 722 2627; x_wconf 84' lang='lat' dir='ltr'><em>leraei,quatisillo</em></span> <span class='ocrx_word' id='word_1_348' title='bbox 737 2558 920 2630; x_wconf 77' lang='lat' dir='ltr'><em>temporessi-</em></span> <span class='ocrx_word' id='word_1_349' title='bbox 973 2560 1103 2616; x_wconf 82' lang='lat' dir='ltr'><em>dandum</em></span> <span class='ocrx_word' id='word_1_350' title='bbox 1118 2575 1196 2621; x_wconf 89' lang='lat' dir='ltr'><em>eum.</em></span> <span class='ocrx_word' id='word_1_351' title='bbox 1207 2558 1256 2629; x_wconf 90' lang='lat' dir='ltr'><em>qui</em></span> <span class='ocrx_word' id='word_1_352' title='bbox 1274 2574 1457 2631; x_wconf 88' lang='lat' dir='ltr'><em>nequaquam</em></span> <span class='ocrx_word' id='word_1_353' title='bbox 1474 2558 1625 2614; x_wconf 87' lang='lat' dir='ltr'><em>habebunt</em></span> <span class='ocrx_word' id='word_1_354' title='bbox 1640 2558 1799 2616; x_wconf 85' lang='lat' dir='ltr'><em>oculumet</em></span> 
     </span>
     <span class='ocr_line' id='line_1_27' title="bbox 99 2646 1797 2721; baseline -0.001 -17"><span class='ocrx_word' id='word_1_355' title='bbox 99 2663 187 2704; x_wconf 88' lang='lat' dir='ltr'><em>meon</em></span> <span class='ocrx_word' id='word_1_356' title='bbox 211 2648 312 2718; x_wconf 88' lang='lat' dir='ltr'><em>justus</em></span> <span class='ocrx_word' id='word_1_357' title='bbox 328 2646 442 2702; x_wconf 81' lang='lat' dir='ltr'><em>exstitit</em></span> <span class='ocrx_word' id='word_1_358' title='bbox 456 2647 533 2719; x_wconf 84' lang='lat' dir='ltr'><em>(tue.</em></span> <span class='ocrx_word' id='word_1_359' title='bbox 550 2646 593 2719; x_wconf 90' lang='lat' dir='ltr'><em>n).</em></span> <span class='ocrx_word' id='word_1_360' title='bbox 609 2647 682 2712; x_wconf 84' lang='lat' dir='ltr'><em>Quid</em></span> <span class='ocrx_word' id='word_1_361' title='bbox 700 2664 785 2719; x_wconf 91' lang='lat' dir='ltr'><em>porro</em></span> <span class='ocrx_word' id='word_1_362' title='bbox 803 2653 858 2716; x_wconf 84' lang='lat' dir='ltr'><em>est,</em></span> <span class='ocrx_word' id='word_1_363' title='bbox 873 2666 919 2706; x_wconf 88' lang='lat' dir='ltr'><em>ue·</em></span> <span class='ocrx_word' id='word_1_364' title='bbox 973 2653 1066 2705; x_wconf 91' lang='lat' dir='ltr'><em>totum</em></span> <span class='ocrx_word' id='word_1_365' title='bbox 1085 2664 1191 2720; x_wconf 87' lang='lat' dir='ltr'><em>eorpus</em></span> <span class='ocrx_word' id='word_1_366' title='bbox 1219 2647 1406 2704; x_wconf 87' lang='lat' dir='ltr'><em>tenebrosum</em></span> <span class='ocrx_word' id='word_1_367' title='bbox 1437 2647 1541 2718; x_wconf 88' lang='lat' dir='ltr'><em>(biottb.</em></span> <span class='ocrx_word' id='word_1_368' title='bbox 1569 2649 1619 2718; x_wconf 83' lang='lat' dir='ltr'><em>vr).</em></span> <span class='ocrx_word' id='word_1_369' title='bbox 1644 2649 1702 2721; x_wconf 77' lang='lat' dir='ltr'><em>Ipse</em></span> <span class='ocrx_word' id='word_1_370' title='bbox 1722 2648 1797 2704; x_wconf 88' lang='lat' dir='ltr'><em>euim</em></span> 
     </span>
     <span class='ocr_line' id='line_1_28' title="bbox 92 2736 1799 2812; baseline 0 -19"><span class='ocrx_word' id='word_1_371' title='bbox 92 2738 153 2793; x_wconf 90' lang='lat' dir='ltr'><em>uiet</em></span> <span class='ocrx_word' id='word_1_372' title='bbox 178 2736 214 2792; x_wconf 79' lang='lat' dir='ltr'><em>ad</em></span> <span class='ocrx_word' id='word_1_373' title='bbox 238 2737 367 2809; x_wconf 87' lang='lat' dir='ltr'><em>tempium</em></span> <span class='ocrx_word' id='word_1_374' title='bbox 391 2743 521 2793; x_wconf 84' lang='lat' dir='ltr'><em>saucium</em></span> <span class='ocrx_word' id='word_1_375' title='bbox 544 2752 636 2804; x_wconf 86' lang='lat' dir='ltr'><em>suum,</em></span> <span class='ocrx_word' id='word_1_376' title='bbox 666 2736 731 2805; x_wconf 87' lang='lat' dir='ltr'><em>nisi,</em></span> <span class='ocrx_word' id='word_1_377' title='bbox 758 2739 855 2795; x_wconf 88' lang='lat' dir='ltr'><em>veniet</em></span> <span class='ocrx_word' id='word_1_378' title='bbox 882 2740 918 2796; x_wconf 88' lang='lat' dir='ltr'><em>ad</em></span> <span class='ocrx_word' id='word_1_379' title='bbox 973 2741 1053 2812; x_wconf 85' lang='lat' dir='ltr'><em>quasi</em></span> <span class='ocrx_word' id='word_1_380' title='bbox 1065 2739 1142 2811; x_wconf 72' lang='lat' dir='ltr'><em>ienis</em></span> <span class='ocrx_word' id='word_1_381' title='bbox 1156 2738 1290 2811; x_wconf 66' lang='lat' dir='ltr'><em>caupone,</em></span> <span class='ocrx_word' id='word_1_382' title='bbox 1306 2738 1423 2809; x_wconf 88' lang='lat' dir='ltr'><em>etquusi</em></span> <span class='ocrx_word' id='word_1_383' title='bbox 1438 2736 1523 2793; x_wconf 82' lang='lat' dir='ltr'><em>terta</em></span> <span class='ocrx_word' id='word_1_384' title='bbox 1535 2738 1685 2810; x_wconf 77' lang='lat' dir='ltr'><em>tatianum,</em></span> <span class='ocrx_word' id='word_1_385' title='bbox 1703 2738 1729 2792; x_wconf 91' lang='lat' dir='ltr'><em>id</em></span> <span class='ocrx_word' id='word_1_386' title='bbox 1753 2740 1799 2795; x_wconf 88' lang='lat' dir='ltr'><em>eet</em></span> 
     </span>
     <span class='ocr_line' id='line_1_29' title="bbox 98 2825 1794 2902; baseline -0.001 -18"><span class='ocrx_word' id='word_1_387' title='bbox 98 2826 491 2884; x_wconf 78' lang='lat' dir='ltr'><em>secerdotiumeuumiliio</em></span> <span class='ocrx_word' id='word_1_388' title='bbox 516 2827 591 2883; x_wconf 87' lang='lat' dir='ltr'><em>enim</em></span> <span class='ocrx_word' id='word_1_389' title='bbox 622 2825 836 2899; x_wconf 81' lang='lat' dir='ltr'><em>primogenitus</em></span> <span class='ocrx_word' id='word_1_390' title='bbox 864 2833 918 2887; x_wconf 87' lang='lat' dir='ltr'><em>est.</em></span> <span class='ocrx_word' id='word_1_391' title='bbox 973 2830 1069 2902; x_wconf 81' lang='lat' dir='ltr'><em>ignem</em></span> <span class='ocrx_word' id='word_1_392' title='bbox 1086 2828 1207 2884; x_wconf 89' lang='lat' dir='ltr'><em>mittens</em></span> <span class='ocrx_word' id='word_1_393' title='bbox 1223 2827 1374 2882; x_wconf 89' lang='lat' dir='ltr'><em>interram</em></span> <span class='ocrx_word' id='word_1_394' title='bbox 1392 2826 1543 2899; x_wconf 83' lang='lat' dir='ltr'><em>(Luc.xn)‚</em></span> <span class='ocrx_word' id='word_1_395' title='bbox 1559 2825 1672 2882; x_wconf 86' lang='lat' dir='ltr'><em>scilicet</em></span> <span class='ocrx_word' id='word_1_396' title='bbox 1699 2825 1794 2898; x_wconf 86' lang='lat' dir='ltr'><em>Spiri-</em></span> 
     </span>
    </p>
   </div>
   <div class='ocr_carea' id='block_1_10' title="bbox 98 2912 1884 2990">
    <p class='ocr_par' dir='ltr' id='par_1_10' title="bbox 98 2912 1884 2990">
     <span class='ocr_line' id='line_1_30' title="bbox 98 2912 1884 2990; baseline -0.002 -17"><span class='ocrx_word' id='word_1_397' title='bbox 98 2912 368 2990; x_wconf 80' lang='lat' dir='ltr'><em>Primogenitorum</em></span> <span class='ocrx_word' id='word_1_398' title='bbox 385 2930 481 2972; x_wconf 81' lang='lat' dir='ltr'><em>eurem</em></span> <span class='ocrx_word' id='word_1_399' title='bbox 497 2919 558 2972; x_wconf 88' lang='lat' dir='ltr'><em>erat</em></span> <span class='ocrx_word' id='word_1_400' title='bbox 582 2916 789 2982; x_wconf 85' lang='lat' dir='ltr'><em>sacerdotium.</em></span> <span class='ocrx_word' id='word_1_401' title='bbox 803 2925 830 2974; x_wconf 91' lang='lat' dir='ltr'><em>et</em></span> <span class='ocrx_word' id='word_1_402' title='bbox 854 2921 921 2975; x_wconf 88' lang='lat' dir='ltr'><em>ante</em></span> <span class='ocrx_word' id='word_1_403' title='bbox 971 2923 1035 2974; x_wconf 89' lang='lat' dir='ltr'><em>tum</em></span> <span class='ocrx_word' id='word_1_404' title='bbox 1052 2921 1186 2974; x_wconf 87' lang='lat' dir='ltr'><em>sanctum</em></span> <span class='ocrx_word' id='word_1_405' title='bbox 1203 2916 1253 2990; x_wconf 89' lang='lat' dir='ltr'><em>qui</em></span> <span class='ocrx_word' id='word_1_406' title='bbox 1268 2921 1421 2973; x_wconf 85' lang='lat' dir='ltr'><em>consumet</em></span> <span class='ocrx_word' id='word_1_407' title='bbox 1433 2915 1612 2984; x_wconf 84' lang='lat' dir='ltr'><em>increduius,</em></span> <span class='ocrx_word' id='word_1_408' title='bbox 1626 2913 1706 2971; x_wconf 85' lang='lat' dir='ltr'><em>velut</em></span> <span class='ocrx_word' id='word_1_409' title='bbox 1717 2915 1797 2988; x_wconf 81' lang='lat' dir='ltr'><em>ignis</em></span> <span class='ocrx_word' id='word_1_410' title='bbox 1881 2958 1884 2963; x_wconf 90' lang='lat'><em>.</em></span> 
     </span>
    </p>
   </div>
   <div class='ocr_carea' id='block_1_11' title="bbox 93 3003 1797 3076">
    <p class='ocr_par' dir='ltr' id='par_1_11' title="bbox 93 3003 1797 3076">
     <span class='ocr_line' id='line_1_31' title="bbox 93 3003 1797 3076; baseline -0.002 -13"><span class='ocrx_word' id='word_1_411' title='bbox 93 3010 206 3071; x_wconf 83' lang='lat' dir='ltr'><em>Uosea,</em></span> <span class='ocrx_word' id='word_1_412' title='bbox 240 3010 269 3061; x_wconf 89' lang='lat' dir='ltr'><em>et</em></span> <span class='ocrx_word' id='word_1_413' title='bbox 304 3010 370 3061; x_wconf 89' lang='lat' dir='ltr'><em>ante</em></span> <span class='ocrx_word' id='word_1_414' title='bbox 402 3004 562 3062; x_wconf 75' lang='lat' dir='ltr'><em>Abraham.</em></span> <span class='ocrx_word' id='word_1_415' title='bbox 595 3004 677 3064; x_wconf 91' lang='lat' dir='ltr'><em>Unde</em></span> <span class='ocrx_word' id='word_1_416' title='bbox 709 3010 739 3061; x_wconf 86' lang='lat' dir='ltr'><em>st</em></span> <span class='ocrx_word' id='word_1_417' title='bbox 763 3006 919 3065; x_wconf 79' lang='lat' dir='ltr'><em>Melchise-</em></span> <span class='ocrx_word' id='word_1_418' title='bbox 972 3006 1353 3076; x_wconf 82' lang='lat' dir='ltr'><em>conflatorium,credentes</em></span> <span class='ocrx_word' id='word_1_419' title='bbox 1375 3010 1474 3062; x_wconf 89' lang='lat' dir='ltr'><em>autem</em></span> <span class='ocrx_word' id='word_1_420' title='bbox 1495 3006 1572 3063; x_wconf 85' lang='lat' dir='ltr'><em>velut</em></span> <span class='ocrx_word' id='word_1_421' title='bbox 1593 3003 1683 3060; x_wconf 88' lang='lat' dir='ltr'><em>herba</em></span> <span class='ocrx_word' id='word_1_422' title='bbox 1707 3004 1797 3061; x_wconf 82' lang='lat' dir='ltr'><em>iulio·</em></span> 
     </span>
    </p>
   </div>
   <div class='ocr_carea' id='block_1_12' title="bbox 94 3094 1877 3167">
    <p class='ocr_par' dir='ltr' id='par_1_12' title="bbox 94 3094 1877 3167">
     <span class='ocr_line' id='line_1_32' title="bbox 94 3094 1877 3167; baseline -0.003 -13"><span class='ocrx_word' id='word_1_423' title='bbox 94 3095 180 3166; x_wconf 90' lang='lat' dir='ltr'><em>decb,</em></span> <span class='ocrx_word' id='word_1_424' title='bbox 211 3094 261 3165; x_wconf 92' lang='lat' dir='ltr'><em>qui</em></span> <span class='ocrx_word' id='word_1_425' title='bbox 286 3094 423 3150; x_wconf 88' lang='lat' dir='ltr'><em>sacerdos</em></span> <span class='ocrx_word' id='word_1_426' title='bbox 448 3094 589 3152; x_wconf 78' lang='lat' dir='ltr'><em>Altissimi</em></span> <span class='ocrx_word' id='word_1_427' title='bbox 618 3095 738 3163; x_wconf 83' lang='lat' dir='ltr'><em>exstitit,</em></span> <span class='ocrx_word' id='word_1_428' title='bbox 754 3097 921 3154; x_wconf 82' lang='lat' dir='ltr'><em>obfirmatur</em></span> <span class='ocrx_word' id='word_1_429' title='bbox 975 3113 1044 3152; x_wconf 89' lang='lat' dir='ltr'><em>num</em></span> <span class='ocrx_word' id='word_1_430' title='bbox 1063 3095 1235 3152; x_wconf 89' lang='lat' dir='ltr'><em>emundabit</em></span> <span class='ocrx_word' id='word_1_431' title='bbox 1249 3095 1342 3167; x_wconf 79' lang='lat' dir='ltr'><em>gratia</em></span> <span class='ocrx_word' id='word_1_432' title='bbox 1356 3094 1540 3152; x_wconf 87' lang='lat' dir='ltr'><em>remissionis</em></span> <span class='ocrx_word' id='word_1_433' title='bbox 1555 3101 1753 3166; x_wconf 89' lang='lat' dir='ltr'><em>peccatorum,</em></span> <span class='ocrx_word' id='word_1_434' title='bbox 1769 3095 1799 3149; x_wconf 88' lang='lat' dir='ltr'><em>et</em></span> <span class='ocrx_word' id='word_1_435' title='bbox 1873 3094 1877 3103; x_wconf 91' lang='grc'><em>“</em></span> 
     </span>
    </p>
   </div>
   <div class='ocr_carea' id='block_1_13' title="bbox 91 3145 1873 3349">
    <p class='ocr_par' dir='ltr' id='par_1_13' title="bbox 91 3145 1873 3349">
     <span class='ocr_line' id='line_1_33' title="bbox 91 3145 1873 3259; baseline 0.001 -19"><span class='ocrx_word' id='word_1_436' title='bbox 91 3185 172 3259; x_wconf 90' lang='lat' dir='ltr'><em>quod</em></span> <span class='ocrx_word' id='word_1_437' title='bbox 188 3184 251 3256; x_wconf 85' lang='lat' dir='ltr'><em>ipse</em></span> <span class='ocrx_word' id='word_1_438' title='bbox 269 3184 355 3238; x_wconf 85' lang='lat' dir='ltr'><em>tuerit</em></span> <span class='ocrx_word' id='word_1_439' title='bbox 371 3183 450 3254; x_wconf 90' lang='lat' dir='ltr'><em>Sem,</em></span> <span class='ocrx_word' id='word_1_440' title='bbox 467 3182 517 3255; x_wconf 89' lang='lat' dir='ltr'><em>qui</em></span> <span class='ocrx_word' id='word_1_441' title='bbox 538 3182 593 3240; x_wconf 87' lang='lat' dir='ltr'><em>iuit</em></span> <span class='ocrx_word' id='word_1_442' title='bbox 609 3185 825 3257; x_wconf 64' lang='lat' dir='ltr'><em>primogenitus</em></span> <span class='ocrx_word' id='word_1_443' title='bbox 848 3186 919 3247; x_wconf 87' lang='lat' dir='ltr'><em>Noe.</em></span> <span class='ocrx_word' id='word_1_444' title='bbox 939 3145 1052 3241; x_wconf 64' lang='lat' dir='ltr'><em>cretur</em></span> <span class='ocrx_word' id='word_1_445' title='bbox 1074 3183 1152 3258; x_wconf 81' lang='lat' dir='ltr'><em>ignis</em></span> <span class='ocrx_word' id='word_1_446' title='bbox 1167 3183 1369 3241; x_wconf 84' lang='lat' dir='ltr'><em>conflansuelo</em></span> <span class='ocrx_word' id='word_1_447' title='bbox 1385 3185 1471 3253; x_wconf 89' lang='lat' dir='ltr'><em>bono,</em></span> <span class='ocrx_word' id='word_1_448' title='bbox 1484 3185 1625 3241; x_wconf 77' lang='lat' dir='ltr'><em>ferventes</em></span> <span class='ocrx_word' id='word_1_449' title='bbox 1637 3199 1801 3242; x_wconf 76' lang='lat' dir='ltr'><em>amorecoe·</em></span> <span class='ocrx_word' id='word_1_450' title='bbox 1830 3190 1833 3194; x_wconf 85' lang='lat'>&#39;</span> <span class='ocrx_word' id='word_1_451' title='bbox 1869 3220 1873 3227; x_wconf 76' lang='lat'><em>,</em></span> 
     </span>
     <span class='ocr_line' id='line_1_34' title="bbox 96 3273 1841 3349; baseline -0.002 -16"><span class='ocrx_word' id='word_1_452' title='bbox 96 3275 184 3333; x_wconf 81' lang='lat' dir='ltr'><em>iuxta</em></span> <span class='ocrx_word' id='word_1_453' title='bbox 203 3275 278 3329; x_wconf 84' lang='lat' dir='ltr'><em>bunc</em></span> <span class='ocrx_word' id='word_1_454' title='bbox 293 3289 406 3329; x_wconf 88' lang='lat' dir='ltr'><em>morem</em></span> <span class='ocrx_word' id='word_1_455' title='bbox 430 3273 566 3330; x_wconf 86' lang='lat' dir='ltr'><em>sacerdos</em></span> <span class='ocrx_word' id='word_1_456' title='bbox 590 3291 654 3331; x_wconf 87' lang='lat' dir='ltr'><em>esse</em></span> <span class='ocrx_word' id='word_1_457' title='bbox 679 3274 803 3333; x_wconf 89' lang='lat' dir='ltr'><em>debebat</em></span> <span class='ocrx_word' id='word_1_458' title='bbox 829 3280 919 3349; x_wconf 76' lang='lat' dir='ltr'><em>Esau,</em></span> <span class='ocrx_word' id='word_1_459' title='bbox 975 3275 1092 3333; x_wconf 78' lang='lat' dir='ltr'><em>bestium</em></span> <span class='ocrx_word' id='word_1_460' title='bbox 1108 3275 1253 3331; x_wconf 89' lang='lat' dir='ltr'><em>bonorum</em></span> <span class='ocrx_word' id='word_1_461' title='bbox 1269 3274 1355 3330; x_wconf 87' lang='lat' dir='ltr'><em>iaciat</em></span> <span class='ocrx_word' id='word_1_462' title='bbox 1378 3273 1525 3340; x_wconf 81' lang='lat' dir='ltr'><em>ardentes,</em></span> <span class='ocrx_word' id='word_1_463' title='bbox 1544 3278 1577 3329; x_wconf 93' lang='lat' dir='ltr'><em>ut</em></span> <span class='ocrx_word' id='word_1_464' title='bbox 1596 3274 1700 3331; x_wconf 90' lang='lat' dir='ltr'><em>deinde</em></span> <span class='ocrx_word' id='word_1_465' title='bbox 1714 3274 1797 3342; x_wconf 87' lang='lat' dir='ltr'><em>dicit,</em></span> <span class='ocrx_word' id='word_1_466' title='bbox 1838 3304 1841 3309; x_wconf 93' lang='lat'><strong>·</strong></span> 
     </span>
    </p>
   </div>
   <div class='ocr_carea' id='block_1_14' title="bbox 93 3354 1893 3441">
    <p class='ocr_par' dir='ltr' id='par_1_14' title="bbox 93 3354 1893 3441">
     <span class='ocr_line' id='line_1_35' title="bbox 93 3354 1893 3441; baseline 0 -20"><span class='ocrx_word' id='word_1_467' title='bbox 93 3380 161 3421; x_wconf 87' lang='lat' dir='ltr'><em>eum</em></span> <span class='ocrx_word' id='word_1_468' title='bbox 177 3367 255 3420; x_wconf 82' lang='lat' dir='ltr'><em>esset</em></span> <span class='ocrx_word' id='word_1_469' title='bbox 271 3362 498 3434; x_wconf 83' lang='lat' dir='ltr'><em>primogenitus,</em></span> <span class='ocrx_word' id='word_1_470' title='bbox 514 3377 545 3417; x_wconf 90' lang='lat' dir='ltr'><em>se</em></span> <span class='ocrx_word' id='word_1_471' title='bbox 567 3362 627 3418; x_wconf 74' lang='lat' dir='ltr'><em>bene</em></span> <span class='ocrx_word' id='word_1_472' title='bbox 643 3363 835 3437; x_wconf 81' lang='lat' dir='ltr'><em>primogenita</em></span> <span class='ocrx_word' id='word_1_473' title='bbox 850 3383 920 3441; x_wconf 86' lang='lat' dir='ltr'><em>sup·</em></span> <span class='ocrx_word' id='word_1_474' title='bbox 973 3373 999 3422; x_wconf 93' lang='lat' dir='ltr'><em>et</em></span> <span class='ocrx_word' id='word_1_475' title='bbox 1013 3364 1118 3421; x_wconf 80' lang='lat' dir='ltr'><em>sedebit</em></span> <span class='ocrx_word' id='word_1_476' title='bbox 1132 3364 1264 3437; x_wconf 72' lang='lat' dir='ltr'><em>conflans,</em></span> <span class='ocrx_word' id='word_1_477' title='bbox 1280 3366 1307 3419; x_wconf 87' lang='lat' dir='ltr'><em>et</em></span> <span class='ocrx_word' id='word_1_478' title='bbox 1320 3364 1474 3420; x_wconf 83' lang='lat' dir='ltr'><em>emundans</em></span> <span class='ocrx_word' id='word_1_479' title='bbox 1497 3369 1649 3435; x_wconf 82' lang='lat' dir='ltr'><em>arpentum.</em></span> <span class='ocrx_word' id='word_1_480' title='bbox 1669 3364 1727 3419; x_wconf 86' lang='lat' dir='ltr'><em>Uoc</em></span> <span class='ocrx_word' id='word_1_481' title='bbox 1751 3378 1798 3421; x_wconf 89' lang='lat' dir='ltr'><em>re·</em></span> <span class='ocrx_word' id='word_1_482' title='bbox 1891 3354 1893 3359; x_wconf 46' lang='lat'><strong>¹</strong></span> 
     </span>
    </p>
   </div>
   <div class='ocr_carea' id='block_1_15' title="bbox 91 3424 1799 3531">
    <p class='ocr_par' dir='ltr' id='par_1_15' title="bbox 91 3424 1799 3531">
     <span class='ocr_line' id='line_1_36' title="bbox 91 3424 1799 3531; baseline -0.002 -19"><span class='ocrx_word' id='word_1_483' title='bbox 91 3456 238 3531; x_wconf 85' lang='lat' dir='ltr'><em>plantavit</em></span> <span class='ocrx_word' id='word_1_484' title='bbox 258 3455 284 3512; x_wconf 90' lang='lat' dir='ltr'><em>ei</em></span> <span class='ocrx_word' id='word_1_485' title='bbox 301 3454 396 3511; x_wconf 87' lang='lat' dir='ltr'><em>minor</em></span> <span class='ocrx_word' id='word_1_486' title='bbox 413 3456 501 3510; x_wconf 81' lang='lat' dir='ltr'><em>irater</em></span> <span class='ocrx_word' id='word_1_487' title='bbox 526 3456 602 3526; x_wconf 80' lang='lat' dir='ltr'><em>ejus,</em></span> <span class='ocrx_word' id='word_1_488' title='bbox 620 3459 649 3511; x_wconf 88' lang='lat' dir='ltr'><em>et</em></span> <span class='ocrx_word' id='word_1_489' title='bbox 676 3461 773 3512; x_wconf 81' lang='lat' dir='ltr'><em>vestre</em></span> <span class='ocrx_word' id='word_1_490' title='bbox 801 3457 868 3525; x_wconf 82' lang='lat' dir='ltr'><em>itiae,</em></span> <span class='ocrx_word' id='word_1_491' title='bbox 885 3460 921 3517; x_wconf 91' lang='lat' dir='ltr'><em>de</em></span> <span class='ocrx_word' id='word_1_492' title='bbox 975 3455 1047 3529; x_wconf 90' lang='lat' dir='ltr'><em>petit</em></span> <span class='ocrx_word' id='word_1_493' title='bbox 1071 3455 1205 3519; x_wconf 86' lang='lat' dir='ltr'><em>dicendo,</em></span> <span class='ocrx_word' id='word_1_494' title='bbox 1218 3463 1243 3510; x_wconf 88' lang='lat' dir='ltr'><em>et</em></span> <span class='ocrx_word' id='word_1_495' title='bbox 1256 3457 1387 3525; x_wconf 78' lang='lat' dir='ltr'><em>purqauit</em></span> <span class='ocrx_word' id='word_1_496' title='bbox 1413 3454 1490 3524; x_wconf 70' lang='lat' dir='ltr'><em>titios</em></span> <span class='ocrx_word' id='word_1_497' title='bbox 1518 3457 1590 3512; x_wconf 84' lang='lat' dir='ltr'><em>Leni.</em></span> <span class='ocrx_word' id='word_1_498' title='bbox 1607 3455 1689 3511; x_wconf 88' lang='lat' dir='ltr'><em>Sicut</em></span> <span class='ocrx_word' id='word_1_499' title='bbox 1717 3424 1799 3511; x_wconf 66' lang='lat' dir='ltr'><em>enirnv</em></span> 
     </span>
    </p>
   </div>
   <div class='ocr_carea' id='block_1_16' title="bbox 93 3540 1887 3621">
    <p class='ocr_par' dir='ltr' id='par_1_16' title="bbox 93 3540 1887 3621">
     <span class='ocr_line' id='line_1_37' title="bbox 93 3540 1887 3621; baseline -0.004 -19"><span class='ocrx_word' id='word_1_500' title='bbox 93 3547 203 3620; x_wconf 87' lang='lat' dir='ltr'><em>quibus</em></span> <span class='ocrx_word' id='word_1_501' title='bbox 218 3548 362 3618; x_wconf 86' lang='lat' dir='ltr'><em>scriptum</em></span> <span class='ocrx_word' id='word_1_502' title='bbox 380 3548 424 3599; x_wconf 84' lang='lat' dir='ltr'><em>eet</em></span> <span class='ocrx_word' id='word_1_503' title='bbox 439 3560 446 3599; x_wconf 91' lang='lat'>:</span> <span class='ocrx_word' id='word_1_504' title='bbox 464 3545 716 3600; x_wconf 68' lang='lat' dir='ltr'><em>cicestrensium</em></span> <span class='ocrx_word' id='word_1_505' title='bbox 739 3545 919 3621; x_wconf 74' lang='lat' dir='ltr'><em>baldemeris,</em></span> <span class='ocrx_word' id='word_1_506' title='bbox 974 3548 1127 3616; x_wconf 79' lang='lat' dir='ltr'><em>argentum</em></span> <span class='ocrx_word' id='word_1_507' title='bbox 1143 3541 1173 3597; x_wconf 89' lang='lat' dir='ltr'><em>io</em></span> <span class='ocrx_word' id='word_1_508' title='bbox 1192 3557 1278 3597; x_wconf 90' lang='lat' dir='ltr'><em>manu</em></span> <span class='ocrx_word' id='word_1_509' title='bbox 1295 3540 1424 3597; x_wconf 87' lang='lat' dir='ltr'><em>anrisscis</em></span> <span class='ocrx_word' id='word_1_510' title='bbox 1441 3541 1482 3597; x_wconf 85' lang='lat' dir='ltr'><em>vel</em></span> <span class='ocrx_word' id='word_1_511' title='bbox 1499 3541 1668 3613; x_wconf 84' lang='lat' dir='ltr'><em>argentarii,</em></span> <span class='ocrx_word' id='word_1_512' title='bbox 1685 3541 1728 3597; x_wconf 86' lang='lat' dir='ltr'><em>sic</em></span> <span class='ocrx_word' id='word_1_513' title='bbox 1743 3541 1797 3597; x_wconf 84' lang='lat' dir='ltr'><em>ntit</em></span> <span class='ocrx_word' id='word_1_514' title='bbox 1865 3554 1887 3585; x_wconf 89' lang='grc'><em>-·</em></span> 
     </span>
    </p>
   </div>
   <div class='ocr_carea' id='block_1_17' title="bbox 91 3627 1872 3885">
    <p class='ocr_par' dir='ltr' id='par_1_17' title="bbox 91 3627 1872 3885">
     <span class='ocr_line' id='line_1_38' title="bbox 92 3627 1842 3711; baseline -0.002 -19"><span class='ocrx_word' id='word_1_515' title='bbox 92 3628 165 3711; x_wconf 81' lang='lat' dir='ltr'><em>quas</em></span> <span class='ocrx_word' id='word_1_516' title='bbox 188 3634 305 3706; x_wconf 85' lang='lat' dir='ltr'><em>upudse</em></span> <span class='ocrx_word' id='word_1_517' title='bbox 334 3633 451 3690; x_wconf 84' lang='lat' dir='ltr'><em>babebat</em></span> <span class='ocrx_word' id='word_1_518' title='bbox 474 3635 554 3689; x_wconf 81' lang='lat' dir='ltr'><em>domi</em></span> <span class='ocrx_word' id='word_1_519' title='bbox 582 3634 709 3702; x_wconf 84' lang='lat' dir='ltr'><em>Rebecca,</em></span> <span class='ocrx_word' id='word_1_520' title='bbox 738 3637 830 3690; x_wconf 83' lang='lat' dir='ltr'><em>induit</em></span> <span class='ocrx_word' id='word_1_521' title='bbox 857 3654 920 3695; x_wconf 87' lang='lat' dir='ltr'><em>eum</em></span> <span class='ocrx_word' id='word_1_522' title='bbox 975 3634 1049 3702; x_wconf 80' lang='lat' dir='ltr'><em>Levi,</em></span> <span class='ocrx_word' id='word_1_523' title='bbox 1066 3633 1094 3686; x_wconf 88' lang='lat' dir='ltr'><em>id</em></span> <span class='ocrx_word' id='word_1_524' title='bbox 1111 3637 1269 3687; x_wconf 84' lang='lat' dir='ltr'><em>estamnee</em></span> <span class='ocrx_word' id='word_1_525' title='bbox 1285 3630 1411 3686; x_wconf 88' lang='lat' dir='ltr'><em>ministri</em></span> <span class='ocrx_word' id='word_1_526' title='bbox 1429 3631 1584 3687; x_wconf 86' lang='lat' dir='ltr'><em>Domiaiio</em></span> <span class='ocrx_word' id='word_1_527' title='bbox 1603 3648 1690 3687; x_wconf 92' lang='lat' dir='ltr'><em>manu</em></span> <span class='ocrx_word' id='word_1_528' title='bbox 1709 3631 1799 3702; x_wconf 81' lang='lat' dir='ltr'><em>bojm</em></span> <span class='ocrx_word' id='word_1_529' title='bbox 1839 3627 1842 3631; x_wconf 70' lang='grc'><strong>’</strong></span> 
     </span>
     <span class='ocr_line' id='line_1_39' title="bbox 91 3719 1872 3797; baseline -0.002 -19"><span class='ocrx_word' id='word_1_530' title='bbox 91 3725 169 3797; x_wconf 82' lang='lat' dir='ltr'><em>(Gen.</em></span> <span class='ocrx_word' id='word_1_531' title='bbox 186 3726 285 3794; x_wconf 71' lang='lat' dir='ltr'><em>cxvii),</em></span> <span class='ocrx_word' id='word_1_532' title='bbox 302 3729 397 3779; x_wconf 87' lang='lat' dir='ltr'><em>vestes</em></span> <span class='ocrx_word' id='word_1_533' title='bbox 417 3723 612 3780; x_wconf 87' lang='lat' dir='ltr'><em>sacerdotates</em></span> <span class='ocrx_word' id='word_1_534' title='bbox 635 3722 726 3778; x_wconf 88' lang='lat' dir='ltr'><em>inisse</em></span> <span class='ocrx_word' id='word_1_535' title='bbox 747 3727 918 3786; x_wconf 86' lang='lat' dir='ltr'><em>creduntur.</em></span> <span class='ocrx_word' id='word_1_536' title='bbox 973 3719 1168 3778; x_wconf 83' lang='lat' dir='ltr'><em>Domiostoris</em></span> <span class='ocrx_word' id='word_1_537' title='bbox 1184 3719 1305 3776; x_wconf 89' lang='lat' dir='ltr'><em>Uomiai.</em></span> <span class='ocrx_word' id='word_1_538' title='bbox 1318 3721 1469 3786; x_wconf 80' lang='lat' dir='ltr'><em>Quomodo</em></span> <span class='ocrx_word' id='word_1_539' title='bbox 1485 3720 1526 3774; x_wconf 86' lang='lat' dir='ltr'><em>vei</em></span> <span class='ocrx_word' id='word_1_540' title='bbox 1543 3721 1571 3775; x_wconf 91' lang='lat' dir='ltr'><em>io</em></span> <span class='ocrx_word' id='word_1_541' title='bbox 1588 3737 1645 3793; x_wconf 91' lang='lat' dir='ltr'><em>quo</em></span> <span class='ocrx_word' id='word_1_542' title='bbox 1662 3720 1798 3792; x_wconf 78' lang='lat' dir='ltr'><em>purgabit</em></span> <span class='ocrx_word' id='word_1_543' title='bbox 1869 3768 1872 3773; x_wconf 94' lang='lat'><em>.</em></span> 
     </span>
     <span class='ocr_line' id='line_1_40' title="bbox 93 3808 1799 3885; baseline -0.004 -14"><span class='ocrx_word' id='word_1_544' title='bbox 93 3811 363 3873; x_wconf 81' lang='lat' dir='ltr'><em>Atubilexvenit.</em></span> <span class='ocrx_word' id='word_1_545' title='bbox 380 3811 567 3885; x_wconf 73' lang='lat' dir='ltr'><em>primogeniti</em></span> <span class='ocrx_word' id='word_1_546' title='bbox 591 3828 608 3867; x_wconf 88' lang='lat' dir='ltr'><em>a</em></span> <span class='ocrx_word' id='word_1_547' title='bbox 633 3811 795 3868; x_wconf 77' lang='lat' dir='ltr'><em>sacerdotio</em></span> <span class='ocrx_word' id='word_1_548' title='bbox 817 3831 918 3873; x_wconf 85' lang='lat' dir='ltr'><em>vacare</em></span> <span class='ocrx_word' id='word_1_549' title='bbox 972 3809 1233 3877; x_wconf 79' lang='lat' dir='ltr'><em>eoebCaiubiteas,</em></span> <span class='ocrx_word' id='word_1_550' title='bbox 1250 3808 1450 3882; x_wconf 85' lang='lat' dir='ltr'><em>inquit,quasi</em></span> <span class='ocrx_word' id='word_1_551' title='bbox 1469 3825 1571 3864; x_wconf 78' lang='lat' dir='ltr'><em>aurum</em></span> <span class='ocrx_word' id='word_1_552' title='bbox 1598 3812 1623 3863; x_wconf 90' lang='lat' dir='ltr'><em>et</em></span> <span class='ocrx_word' id='word_1_553' title='bbox 1652 3811 1732 3879; x_wconf 85' lang='lat' dir='ltr'><em>quasi</em></span> <span class='ocrx_word' id='word_1_554' title='bbox 1753 3825 1799 3865; x_wconf 87' lang='lat' dir='ltr'><em>ar·</em></span> 
     </span>
    </p>
   </div>
   <div class='ocr_carea' id='block_1_18' title="bbox 93 3897 1893 3976">
    <p class='ocr_par' dir='ltr' id='par_1_18' title="bbox 93 3897 1893 3976">
     <span class='ocr_line' id='line_1_41' title="bbox 93 3897 1893 3976; baseline -0.001 -16"><span class='ocrx_word' id='word_1_555' title='bbox 93 3904 419 3976; x_wconf 85' lang='lat' dir='ltr'><em>saotjnssi,etpretio</em></span> <span class='ocrx_word' id='word_1_556' title='bbox 443 3901 644 3973; x_wconf 70' lang='lat' dir='ltr'><em>redimiquia</em></span> <span class='ocrx_word' id='word_1_557' title='bbox 670 3902 825 3959; x_wconf 82' lang='lat' dir='ltr'><em>sacerdotii</em></span> <span class='ocrx_word' id='word_1_558' title='bbox 851 3904 918 3962; x_wconf 89' lang='lat' dir='ltr'><em>ion·</em></span> <span class='ocrx_word' id='word_1_559' title='bbox 970 3897 1834 3974; x_wconf 79' lang='lat' dir='ltr'><em>pentum.Quodcoluturnimirumidcircocoletur‚uta.</em></span> <span class='ocrx_word' id='word_1_560' title='bbox 1890 3944 1893 3949; x_wconf 84' lang='lat'><em>.</em></span> 
     </span>
    </p>
   </div>
   <div class='ocr_carea' id='block_1_19' title="bbox 92 3986 1828 4068">
    <p class='ocr_par' dir='ltr' id='par_1_19' title="bbox 92 3986 1828 4068">
     <span class='ocr_line' id='line_1_42' title="bbox 92 3986 1828 4068; baseline -0.003 -19"><span class='ocrx_word' id='word_1_561' title='bbox 92 3991 187 4050; x_wconf 84' lang='lat' dir='ltr'><em>ctione</em></span> <span class='ocrx_word' id='word_1_562' title='bbox 204 3991 277 4047; x_wconf 88' lang='lat' dir='ltr'><em>nibil</em></span> <span class='ocrx_word' id='word_1_563' title='bbox 294 3998 427 4062; x_wconf 87' lang='lat' dir='ltr'><em>poterant</em></span> <span class='ocrx_word' id='word_1_564' title='bbox 447 3991 556 4046; x_wconf 89' lang='lat' dir='ltr'><em>mundo</em></span> <span class='ocrx_word' id='word_1_565' title='bbox 581 3992 722 4048; x_wconf 86' lang='lat' dir='ltr'><em>conterre.</em></span> <span class='ocrx_word' id='word_1_566' title='bbox 739 3991 918 4052; x_wconf 72' lang='lat' dir='ltr'><em>subintravit</em></span> <span class='ocrx_word' id='word_1_567' title='bbox 972 3990 1049 4046; x_wconf 91' lang='lat' dir='ltr'><em>bono</em></span> <span class='ocrx_word' id='word_1_568' title='bbox 1065 3988 1176 4061; x_wconf 83' lang='lat' dir='ltr'><em>liquore</em></span> <span class='ocrx_word' id='word_1_569' title='bbox 1192 3987 1287 4044; x_wconf 88' lang='lat' dir='ltr'><em>amuis</em></span> <span class='ocrx_word' id='word_1_570' title='bbox 1312 3986 1478 4043; x_wconf 78' lang='lat' dir='ltr'><em>faeculentia</em></span> <span class='ocrx_word' id='word_1_571' title='bbox 1501 3993 1663 4059; x_wconf 79' lang='lat' dir='ltr'><em>separetur.</em></span> <span class='ocrx_word' id='word_1_572' title='bbox 1679 3986 1714 4042; x_wconf 86' lang='lat' dir='ltr'><em>Et</em></span> <span class='ocrx_word' id='word_1_573' title='bbox 1726 3986 1796 4056; x_wconf 87' lang='lat' dir='ltr'><em>quid</em></span> <span class='ocrx_word' id='word_1_574' title='bbox 1825 4064 1828 4068; x_wconf 27' lang='grc' dir='ltr'>Ι</span> 
     </span>
    </p>
   </div>
   <div class='ocr_carea' id='block_1_20' title="bbox 90 4074 1884 4150">
    <p class='ocr_par' dir='ltr' id='par_1_20' title="bbox 90 4074 1884 4150">
     <span class='ocr_line' id='line_1_43' title="bbox 90 4074 1884 4150; baseline -0.004 -11"><span class='ocrx_word' id='word_1_575' title='bbox 90 4089 188 4139; x_wconf 88' lang='lat' dir='ltr'><em>antero</em></span> <span class='ocrx_word' id='word_1_576' title='bbox 205 4081 234 4136; x_wconf 91' lang='lat' dir='ltr'><em>iu</em></span> <span class='ocrx_word' id='word_1_577' title='bbox 252 4080 448 4136; x_wconf 85' lang='lat' dir='ltr'><em>sacerdotium</em></span> <span class='ocrx_word' id='word_1_578' title='bbox 461 4085 489 4135; x_wconf 91' lang='lat' dir='ltr'><em>et</em></span> <span class='ocrx_word' id='word_1_579' title='bbox 500 4080 527 4134; x_wconf 90' lang='lat' dir='ltr'><em>in</em></span> <span class='ocrx_word' id='word_1_580' title='bbox 541 4096 627 4135; x_wconf 87' lang='lat' dir='ltr'><em>omne</em></span> <span class='ocrx_word' id='word_1_581' title='bbox 639 4079 836 4137; x_wconf 88' lang='lat' dir='ltr'><em>ministerium</em></span> <span class='ocrx_word' id='word_1_582' title='bbox 853 4083 917 4139; x_wconf 89' lang='lat' dir='ltr'><em>cui·</em></span> <span class='ocrx_word' id='word_1_583' title='bbox 971 4085 1034 4138; x_wconf 87' lang='lat' dir='ltr'><em>erat</em></span> <span class='ocrx_word' id='word_1_584' title='bbox 1048 4079 1242 4136; x_wconf 86' lang='lat' dir='ltr'><em>sacerdotium</em></span> <span class='ocrx_word' id='word_1_585' title='bbox 1259 4077 1353 4150; x_wconf 86' lang='lat' dir='ltr'><em>prius,</em></span> <span class='ocrx_word' id='word_1_586' title='bbox 1366 4077 1421 4133; x_wconf 89' lang='lat' dir='ltr'><em>nisi</em></span> <span class='ocrx_word' id='word_1_587' title='bbox 1439 4078 1535 4150; x_wconf 90' lang='lat' dir='ltr'><em>tiqnor</em></span> <span class='ocrx_word' id='word_1_588' title='bbox 1548 4074 1742 4133; x_wconf 78' lang='lat' dir='ltr'><em>teonieatusb</em></span> <span class='ocrx_word' id='word_1_589' title='bbox 1756 4081 1797 4132; x_wconf 85' lang='lat' dir='ltr'><em>be</em></span> <span class='ocrx_word' id='word_1_590' title='bbox 1876 4100 1884 4107; x_wconf 87' lang='lat'><em>·</em></span> 
     </span>
    </p>
   </div>
   <div class='ocr_carea' id='block_1_21' title="bbox 88 4164 1796 4328">
    <p class='ocr_par' dir='ltr' id='par_1_21' title="bbox 88 4164 1796 4328">
     <span class='ocr_line' id='line_1_44' title="bbox 92 4164 1796 4243; baseline -0.002 -18"><span class='ocrx_word' id='word_1_591' title='bbox 92 4180 140 4226; x_wconf 88' lang='lat' dir='ltr'><em>tus</em></span> <span class='ocrx_word' id='word_1_592' title='bbox 155 4167 245 4226; x_wconf 88' lang='lat' dir='ltr'><em>divini</em></span> <span class='ocrx_word' id='word_1_593' title='bbox 263 4168 357 4224; x_wconf 84' lang='lat' dir='ltr'><em>tribus</em></span> <span class='ocrx_word' id='word_1_594' title='bbox 374 4166 451 4233; x_wconf 86' lang='lat' dir='ltr'><em>Levi,</em></span> <span class='ocrx_word' id='word_1_595' title='bbox 469 4167 652 4238; x_wconf 79' lang='lat' dir='ltr'><em>questiquid</em></span> <span class='ocrx_word' id='word_1_596' title='bbox 668 4168 917 4243; x_wconf 87' lang='lat' dir='ltr'><em>contuierat,quia</em></span> <span class='ocrx_word' id='word_1_597' title='bbox 972 4170 1091 4242; x_wconf 89' lang='lat' dir='ltr'><em>optimis</em></span> <span class='ocrx_word' id='word_1_598' title='bbox 1106 4168 1307 4224; x_wconf 81' lang='lat' dir='ltr'><em>sacerdotibus</em></span> <span class='ocrx_word' id='word_1_599' title='bbox 1321 4166 1486 4238; x_wconf 87' lang='lat' dir='ltr'><em>loquamur.</em></span> <span class='ocrx_word' id='word_1_600' title='bbox 1504 4164 1615 4240; x_wconf 87' lang='lat' dir='ltr'><em>Optimi</em></span> <span class='ocrx_word' id='word_1_601' title='bbox 1631 4166 1796 4223; x_wconf 87' lang='lat' dir='ltr'><em>sacerdotes</em></span> 
     </span>
     <span class='ocr_line' id='line_1_45' title="bbox 88 4254 1796 4328; baseline -0.001 -15"><span class='ocrx_word' id='word_1_602' title='bbox 88 4258 226 4317; x_wconf 88' lang='lat' dir='ltr'><em>videlicet</em></span> <span class='ocrx_word' id='word_1_603' title='bbox 243 4256 339 4314; x_wconf 83' lang='lat' dir='ltr'><em>Moses</em></span> <span class='ocrx_word' id='word_1_604' title='bbox 354 4263 381 4312; x_wconf 87' lang='lat' dir='ltr'><em>et</em></span> <span class='ocrx_word' id='word_1_605' title='bbox 398 4260 501 4319; x_wconf 79' lang='lat' dir='ltr'><em>Aaron.</em></span> <span class='ocrx_word' id='word_1_606' title='bbox 517 4257 552 4311; x_wconf 91' lang='lat' dir='ltr'><em>de</em></span> <span class='ocrx_word' id='word_1_607' title='bbox 568 4256 646 4312; x_wconf 89' lang='lat' dir='ltr'><em>tribu</em></span> <span class='ocrx_word' id='word_1_608' title='bbox 669 4257 732 4312; x_wconf 81' lang='lat' dir='ltr'><em>beri</em></span> <span class='ocrx_word' id='word_1_609' title='bbox 749 4259 916 4328; x_wconf 84' lang='lat' dir='ltr'><em>existentes,</em></span> <span class='ocrx_word' id='word_1_610' title='bbox 971 4261 1077 4327; x_wconf 80' lang='lat' dir='ltr'><em>Aaron,</em></span> <span class='ocrx_word' id='word_1_611' title='bbox 1092 4263 1120 4315; x_wconf 94' lang='lat' dir='ltr'><em>et</em></span> <span class='ocrx_word' id='word_1_612' title='bbox 1135 4256 1305 4320; x_wconf 80' lang='lat' dir='ltr'><em>Phineas.et</em></span> <span class='ocrx_word' id='word_1_613' title='bbox 1320 4255 1406 4312; x_wconf 91' lang='lat' dir='ltr'><em>multi</em></span> <span class='ocrx_word' id='word_1_614' title='bbox 1418 4256 1478 4321; x_wconf 86' lang='lat' dir='ltr'><em>aiii.</em></span> <span class='ocrx_word' id='word_1_615' title='bbox 1494 4254 1796 4328; x_wconf 79' lang='lat' dir='ltr'><em>novissimusqueza·</em></span> 
     </span>
    </p>
   </div>
   <div class='ocr_carea' id='block_1_22' title="bbox 88 4345 1893 4424">
    <p class='ocr_par' dir='ltr' id='par_1_22' title="bbox 88 4345 1893 4424">
     <span class='ocr_line' id='line_1_46' title="bbox 88 4345 1893 4424; baseline -0.001 -21"><span class='ocrx_word' id='word_1_616' title='bbox 88 4348 229 4424; x_wconf 86' lang='lat' dir='ltr'><em>poputum</em></span> <span class='ocrx_word' id='word_1_617' title='bbox 241 4346 456 4418; x_wconf 77' lang='lat' dir='ltr'><em>abAEpyptiaca</em></span> <span class='ocrx_word' id='word_1_618' title='bbox 469 4345 747 4402; x_wconf 79' lang='lat' dir='ltr'><em>servitutesolutum</em></span> <span class='ocrx_word' id='word_1_619' title='bbox 757 4348 918 4404; x_wconf 86' lang='lat' dir='ltr'><em>eduxerant</em></span> <span class='ocrx_word' id='word_1_620' title='bbox 971 4349 1086 4406; x_wconf 86' lang='lat' dir='ltr'><em>chariss</em></span> <span class='ocrx_word' id='word_1_621' title='bbox 1101 4354 1184 4422; x_wconf 87' lang='lat' dir='ltr'><em>pater</em></span> <span class='ocrx_word' id='word_1_622' title='bbox 1197 4348 1320 4406; x_wconf 79' lang='lat' dir='ltr'><em>ioannis</em></span> <span class='ocrx_word' id='word_1_623' title='bbox 1335 4349 1519 4412; x_wconf 78' lang='lat' dir='ltr'><em>exstiterunt.</em></span> <span class='ocrx_word' id='word_1_624' title='bbox 1534 4364 1695 4420; x_wconf 89' lang='lat' dir='ltr'><em>eorumque</em></span> <span class='ocrx_word' id='word_1_625' title='bbox 1710 4345 1795 4402; x_wconf 85' lang='lat' dir='ltr'><em>mini·</em></span> <span class='ocrx_word' id='word_1_626' title='bbox 1889 4365 1893 4373; x_wconf 93' lang='lat'>·</span> 
     </span>
    </p>
   </div>
   <div class='ocr_carea' id='block_1_23' title="bbox 89 4434 1796 4693">
    <p class='ocr_par' dir='ltr' id='par_1_23' title="bbox 89 4434 1796 4693">
     <span class='ocr_line' id='line_1_47' title="bbox 90 4434 1795 4510; baseline -0.002 -15"><span class='ocrx_word' id='word_1_627' title='bbox 90 4437 127 4496; x_wconf 89' lang='lat' dir='ltr'><em>ad</em></span> <span class='ocrx_word' id='word_1_628' title='bbox 143 4437 354 4494; x_wconf 85' lang='lat' dir='ltr'><em>immolandum</em></span> <span class='ocrx_word' id='word_1_629' title='bbox 372 4434 505 4500; x_wconf 85' lang='lat' dir='ltr'><em>Domino,</em></span> <span class='ocrx_word' id='word_1_630' title='bbox 523 4434 599 4508; x_wconf 91' lang='lat' dir='ltr'><em>quod</em></span> <span class='ocrx_word' id='word_1_631' title='bbox 615 4440 644 4490; x_wconf 89' lang='lat' dir='ltr'><em>et</em></span> <span class='ocrx_word' id='word_1_632' title='bbox 659 4451 710 4507; x_wconf 91' lang='lat' dir='ltr'><em>per</em></span> <span class='ocrx_word' id='word_1_633' title='bbox 724 4452 825 4492; x_wconf 88' lang='lat' dir='ltr'><em>eorum</em></span> <span class='ocrx_word' id='word_1_634' title='bbox 846 4451 916 4492; x_wconf 89' lang='lat' dir='ltr'><em>con·</em></span> <span class='ocrx_word' id='word_1_635' title='bbox 972 4439 1093 4496; x_wconf 86' lang='lat' dir='ltr'><em>sterium</em></span> <span class='ocrx_word' id='word_1_636' title='bbox 1110 4439 1152 4494; x_wconf 89' lang='lat' dir='ltr'><em>sic</em></span> <span class='ocrx_word' id='word_1_637' title='bbox 1167 4439 1219 4494; x_wconf 87' lang='lat' dir='ltr'><em>init</em></span> <span class='ocrx_word' id='word_1_638' title='bbox 1234 4437 1317 4510; x_wconf 81' lang='lat' dir='ltr'><em>qnasi</em></span> <span class='ocrx_word' id='word_1_639' title='bbox 1334 4454 1448 4505; x_wconf 87' lang='lat' dir='ltr'><em>nurum,</em></span> <span class='ocrx_word' id='word_1_640' title='bbox 1459 4438 1544 4510; x_wconf 87' lang='lat' dir='ltr'><em>quasi</em></span> <span class='ocrx_word' id='word_1_641' title='bbox 1561 4448 1726 4510; x_wconf 80' lang='lat' dir='ltr'><em>argentum,</em></span> <span class='ocrx_word' id='word_1_642' title='bbox 1743 4437 1795 4492; x_wconf 88' lang='lat' dir='ltr'><em>sed</em></span> 
     </span>
     <span class='ocr_line' id='line_1_48' title="bbox 89 4515 1795 4598; baseline -0.003 -13"><span class='ocrx_word' id='word_1_643' title='bbox 89 4529 274 4585; x_wconf 84' lang='lat' dir='ltr'><em>stitutionem</em></span> <span class='ocrx_word' id='word_1_644' title='bbox 305 4527 396 4582; x_wconf 87' lang='lat' dir='ltr'><em>iacere</em></span> <span class='ocrx_word' id='word_1_645' title='bbox 412 4531 562 4598; x_wconf 80' lang='lat' dir='ltr'><em>caeperunt</em></span> <span class='ocrx_word' id='word_1_646' title='bbox 591 4526 620 4581; x_wconf 91' lang='lat' dir='ltr'><em>in</em></span> <span class='ocrx_word' id='word_1_647' title='bbox 651 4526 776 4584; x_wconf 86' lang='lat' dir='ltr'><em>deserto.</em></span> <span class='ocrx_word' id='word_1_648' title='bbox 807 4515 1072 4586; x_wconf 82' lang='lat' dir='ltr'><em>ParumUaurom</em></span> <span class='ocrx_word' id='word_1_649' title='bbox 1090 4527 1517 4598; x_wconf 81' lang='lat' dir='ltr'><em>nondeiecatum,argentum</em></span> <span class='ocrx_word' id='word_1_650' title='bbox 1535 4521 1795 4582; x_wconf 77' lang='lat' dir='ltr'><em>iaculantumibi</em></span> 
     </span>
     <span class='ocr_line' id='line_1_49' title="bbox 95 4614 1796 4693; baseline -0.002 -18"><span class='ocrx_word' id='word_1_651' title='bbox 95 4617 214 4692; x_wconf 87' lang='lat' dir='ltr'><em>quidem</em></span> <span class='ocrx_word' id='word_1_652' title='bbox 222 4615 409 4673; x_wconf 78' lang='lat' dir='ltr'><em>contulerant</em></span> <span class='ocrx_word' id='word_1_653' title='bbox 421 4614 560 4688; x_wconf 89' lang='lat' dir='ltr'><em>popuiurn</em></span> <span class='ocrx_word' id='word_1_654' title='bbox 571 4615 654 4671; x_wconf 87' lang='lat' dir='ltr'><em>ilium</em></span> <span class='ocrx_word' id='word_1_655' title='bbox 668 4616 863 4681; x_wconf 83' lang='lat' dir='ltr'><em>educando.et</em></span> <span class='ocrx_word' id='word_1_656' title='bbox 872 4637 919 4693; x_wconf 85' lang='lat' dir='ltr'><em>pa·</em></span> <span class='ocrx_word' id='word_1_657' title='bbox 973 4615 1244 4690; x_wconf 86' lang='lat' dir='ltr'><em>namqueeratiidei</em></span> <span class='ocrx_word' id='word_1_658' title='bbox 1260 4615 1558 4682; x_wconf 80' lang='lat' dir='ltr'><em>aurum,scientiaevet</em></span> <span class='ocrx_word' id='word_1_659' title='bbox 1576 4615 1640 4671; x_wconf 90' lang='lat' dir='ltr'><em>boni</em></span> <span class='ocrx_word' id='word_1_660' title='bbox 1650 4614 1796 4671; x_wconf 81' lang='lat' dir='ltr'><em>sermonis</em></span> 
     </span>
    </p>
   </div>
   <div class='ocr_carea' id='block_1_24' title="bbox 96 4704 1887 4780">
    <p class='ocr_par' dir='ltr' id='par_1_24' title="bbox 96 4704 1887 4780">
     <span class='ocr_line' id='line_1_50' title="bbox 96 4704 1887 4780; baseline -0.003 -14"><span class='ocrx_word' id='word_1_661' title='bbox 96 4725 163 4767; x_wconf 87' lang='lat' dir='ltr'><em>rum</em></span> <span class='ocrx_word' id='word_1_662' title='bbox 180 4705 379 4767; x_wconf 86' lang='lat' dir='ltr'><em>conterebant.</em></span> <span class='ocrx_word' id='word_1_663' title='bbox 395 4720 500 4761; x_wconf 88' lang='lat' dir='ltr'><em>carnes</em></span> <span class='ocrx_word' id='word_1_664' title='bbox 515 4710 564 4761; x_wconf 90' lang='lat' dir='ltr'><em>aot</em></span> <span class='ocrx_word' id='word_1_665' title='bbox 581 4706 754 4779; x_wconf 83' lang='lat' dir='ltr'><em>sangninem</em></span> <span class='ocrx_word' id='word_1_666' title='bbox 770 4705 917 4768; x_wconf 84' lang='lat' dir='ltr'><em>hircorum</em></span> <span class='ocrx_word' id='word_1_667' title='bbox 971 4713 1138 4780; x_wconf 80' lang='lat' dir='ltr'><em>argentum,</em></span> <span class='ocrx_word' id='word_1_668' title='bbox 1152 4705 1301 4762; x_wconf 88' lang='lat' dir='ltr'><em>sederant</em></span> <span class='ocrx_word' id='word_1_669' title='bbox 1314 4704 1543 4762; x_wconf 82' lang='lat' dir='ltr'><em>admistreiaces</em></span> <span class='ocrx_word' id='word_1_670' title='bbox 1558 4704 1794 4761; x_wconf 75' lang='lat' dir='ltr'><em>ceremoniarum</em></span> <span class='ocrx_word' id='word_1_671' title='bbox 1883 4718 1887 4723; x_wconf 87' lang='lat'>·</span> 
     </span>
    </p>
   </div>
   <div class='ocr_carea' id='block_1_25' title="bbox 86 4793 1795 5585">
    <p class='ocr_par' dir='ltr' id='par_1_25' title="bbox 86 4793 1795 5585">
     <span class='ocr_line' id='line_1_51' title="bbox 94 4793 1795 4868; baseline -0.005 -12"><span class='ocrx_word' id='word_1_672' title='bbox 94 4795 268 4856; x_wconf 86' lang='lat' dir='ltr'><em>auimatium</em></span> <span class='ocrx_word' id='word_1_673' title='bbox 290 4795 493 4861; x_wconf 76' lang='lat' dir='ltr'><em>sacrificando,</em></span> <span class='ocrx_word' id='word_1_674' title='bbox 510 4795 561 4851; x_wconf 81' lang='lat' dir='ltr'><em>red</em></span> <span class='ocrx_word' id='word_1_675' title='bbox 581 4812 635 4851; x_wconf 91' lang='lat' dir='ltr'><em>non</em></span> <span class='ocrx_word' id='word_1_676' title='bbox 653 4795 703 4851; x_wconf 88' lang='lat' dir='ltr'><em>iiio</em></span> <span class='ocrx_word' id='word_1_677' title='bbox 725 4801 855 4868; x_wconf 86' lang='lat' dir='ltr'><em>tempore</em></span> <span class='ocrx_word' id='word_1_678' title='bbox 871 4816 917 4856; x_wconf 88' lang='lat' dir='ltr'><em>sa·</em></span> <span class='ocrx_word' id='word_1_679' title='bbox 972 4796 1145 4854; x_wconf 85' lang='lat' dir='ltr'><em>carnatium.</em></span> <span class='ocrx_word' id='word_1_680' title='bbox 1156 4795 1269 4853; x_wconf 83' lang='lat' dir='ltr'><em>Goiabit</em></span> <span class='ocrx_word' id='word_1_681' title='bbox 1280 4793 1373 4866; x_wconf 79' lang='lat' dir='ltr'><em>igitur</em></span> <span class='ocrx_word' id='word_1_682' title='bbox 1386 4810 1503 4864; x_wconf 85' lang='lat' dir='ltr'><em>aurum,</em></span> <span class='ocrx_word' id='word_1_683' title='bbox 1518 4793 1625 4851; x_wconf 84' lang='lat' dir='ltr'><em>colabit</em></span> <span class='ocrx_word' id='word_1_684' title='bbox 1639 4797 1795 4866; x_wconf 81' lang='lat' dir='ltr'><em>argeutum</em></span> 
     </span>
     <span class='ocr_line' id='line_1_52' title="bbox 97 4883 1795 4962; baseline -0.004 -18"><span class='ocrx_word' id='word_1_685' title='bbox 97 4887 241 4944; x_wconf 80' lang='lat' dir='ltr'><em>orificium</em></span> <span class='ocrx_word' id='word_1_686' title='bbox 268 4884 347 4940; x_wconf 88' lang='lat' dir='ltr'><em>aliud</em></span> <span class='ocrx_word' id='word_1_687' title='bbox 365 4884 460 4939; x_wconf 88' lang='lat' dir='ltr'><em>iuerat</em></span> <span class='ocrx_word' id='word_1_688' title='bbox 483 4885 559 4955; x_wconf 94' lang='lat' dir='ltr'><em>quod</em></span> <span class='ocrx_word' id='word_1_689' title='bbox 586 4884 720 4941; x_wconf 73' lang='lat' dir='ltr'><em>subticere</em></span> <span class='ocrx_word' id='word_1_690' title='bbox 749 4894 848 4958; x_wconf 85' lang='lat' dir='ltr'><em>posset</em></span> <span class='ocrx_word' id='word_1_691' title='bbox 866 4905 918 4962; x_wconf 89' lang='lat' dir='ltr'><em>pra</em></span> <span class='ocrx_word' id='word_1_692' title='bbox 972 4904 1070 4955; x_wconf 89' lang='lat' dir='ltr'><em>sunm,</em></span> <span class='ocrx_word' id='word_1_693' title='bbox 1084 4886 1113 4942; x_wconf 92' lang='lat' dir='ltr'><em>id</em></span> <span class='ocrx_word' id='word_1_694' title='bbox 1134 4891 1178 4940; x_wconf 89' lang='lat' dir='ltr'><em>est</em></span> <span class='ocrx_word' id='word_1_695' title='bbox 1194 4883 1310 4955; x_wconf 76' lang='lat' dir='ltr'><em>rejectis</em></span> <span class='ocrx_word' id='word_1_696' title='bbox 1339 4885 1642 4955; x_wconf 79' lang='lat' dir='ltr'><em>ceremoniiscarnis,</em></span> <span class='ocrx_word' id='word_1_697' title='bbox 1671 4892 1698 4940; x_wconf 86' lang='lat' dir='ltr'><em>et</em></span> <span class='ocrx_word' id='word_1_698' title='bbox 1719 4898 1795 4954; x_wconf 83' lang='lat' dir='ltr'><em>prse-</em></span> 
     </span>
     <span class='ocr_line' id='line_1_53' title="bbox 98 4972 1794 5052; baseline 0.002 -25"><span class='ocrx_word' id='word_1_699' title='bbox 98 4974 285 5052; x_wconf 76' lang='lat' dir='ltr'><em>peccaroUbi</em></span> <span class='ocrx_word' id='word_1_700' title='bbox 301 4974 379 5029; x_wconf 85' lang='lat' dir='ltr'><em>venit</em></span> <span class='ocrx_word' id='word_1_701' title='bbox 394 4973 570 5029; x_wconf 82' lang='lat' dir='ltr'><em>sacrificium</em></span> <span class='ocrx_word' id='word_1_702' title='bbox 583 4974 692 5040; x_wconf 86' lang='lat' dir='ltr'><em>valens,</em></span> <span class='ocrx_word' id='word_1_703' title='bbox 709 4992 812 5033; x_wconf 88' lang='lat' dir='ltr'><em>rursus</em></span> <span class='ocrx_word' id='word_1_704' title='bbox 827 4994 920 5034; x_wconf 89' lang='lat' dir='ltr'><em>remo·</em></span> <span class='ocrx_word' id='word_1_705' title='bbox 971 4979 1064 5051; x_wconf 85' lang='lat' dir='ltr'><em>ceptis</em></span> <span class='ocrx_word' id='word_1_706' title='bbox 1079 4991 1136 5032; x_wconf 93' lang='lat' dir='ltr'><em>oon</em></span> <span class='ocrx_word' id='word_1_707' title='bbox 1158 4972 1243 5029; x_wconf 89' lang='lat' dir='ltr'><em>bouis</em></span> <span class='ocrx_word' id='word_1_708' title='bbox 1258 4972 1365 5044; x_wconf 78' lang='lat' dir='ltr'><em>(Euecb.</em></span> <span class='ocrx_word' id='word_1_709' title='bbox 1383 4975 1443 5045; x_wconf 81' lang='lat' dir='ltr'><em>xx),</em></span> <span class='ocrx_word' id='word_1_710' title='bbox 1460 4974 1495 5030; x_wconf 88' lang='lat' dir='ltr'><em>de</em></span> <span class='ocrx_word' id='word_1_711' title='bbox 1524 4974 1630 5046; x_wconf 86' lang='lat' dir='ltr'><em>quibus</em></span> <span class='ocrx_word' id='word_1_712' title='bbox 1657 4972 1794 5045; x_wconf 82' lang='lat' dir='ltr'><em>superias</em></span> 
     </span>
     <span class='ocr_line' id='line_1_54' title="bbox 92 5060 1795 5134; baseline -0.002 -11"><span class='ocrx_word' id='word_1_713' title='bbox 92 5067 151 5123; x_wconf 89' lang='lat' dir='ltr'><em>veri</em></span> <span class='ocrx_word' id='word_1_714' title='bbox 167 5064 270 5122; x_wconf 86' lang='lat' dir='ltr'><em>debuit</em></span> <span class='ocrx_word' id='word_1_715' title='bbox 281 5063 456 5120; x_wconf 78' lang='lat' dir='ltr'><em>sacrificium</em></span> <span class='ocrx_word' id='word_1_716' title='bbox 469 5063 565 5119; x_wconf 86' lang='lat' dir='ltr'><em>carnis</em></span> <span class='ocrx_word' id='word_1_717' title='bbox 579 5069 609 5120; x_wconf 91' lang='lat' dir='ltr'><em>et</em></span> <span class='ocrx_word' id='word_1_718' title='bbox 623 5065 855 5130; x_wconf 76' lang='lat' dir='ltr'><em>sananiniecnm</em></span> <span class='ocrx_word' id='word_1_719' title='bbox 870 5084 917 5124; x_wconf 88' lang='lat' dir='ltr'><em>sa·</em></span> <span class='ocrx_word' id='word_1_720' title='bbox 971 5069 1081 5124; x_wconf 91' lang='lat' dir='ltr'><em>dictum</em></span> <span class='ocrx_word' id='word_1_721' title='bbox 1097 5068 1152 5133; x_wconf 86' lang='lat' dir='ltr'><em>est,</em></span> <span class='ocrx_word' id='word_1_722' title='bbox 1168 5062 1198 5118; x_wconf 94' lang='lat' dir='ltr'><em>in</em></span> <span class='ocrx_word' id='word_1_723' title='bbox 1214 5061 1322 5133; x_wconf 89' lang='lat' dir='ltr'><em>quibus</em></span> <span class='ocrx_word' id='word_1_724' title='bbox 1337 5060 1395 5118; x_wconf 86' lang='lat' dir='ltr'><em>vita</em></span> <span class='ocrx_word' id='word_1_725' title='bbox 1410 5080 1466 5119; x_wconf 92' lang='lat' dir='ltr'><em>non</em></span> <span class='ocrx_word' id='word_1_726' title='bbox 1489 5064 1553 5134; x_wconf 87' lang='lat' dir='ltr'><em>init,</em></span> <span class='ocrx_word' id='word_1_727' title='bbox 1570 5065 1731 5122; x_wconf 86' lang='lat' dir='ltr'><em>reservabit</em></span> <span class='ocrx_word' id='word_1_728' title='bbox 1745 5080 1795 5120; x_wconf 90' lang='lat' dir='ltr'><em>ea·</em></span> 
     </span>
     <span class='ocr_line' id='line_1_55' title="bbox 91 5152 1795 5229; baseline -0.004 -14"><span class='ocrx_word' id='word_1_729' title='bbox 91 5155 259 5215; x_wconf 87' lang='lat' dir='ltr'><em>cerdatibue</em></span> <span class='ocrx_word' id='word_1_730' title='bbox 286 5169 346 5215; x_wconf 83' lang='lat' dir='ltr'><em>aon</em></span> <span class='ocrx_word' id='word_1_731' title='bbox 374 5154 572 5225; x_wconf 81' lang='lat' dir='ltr'><em>quarentibus</em></span> <span class='ocrx_word' id='word_1_732' title='bbox 587 5153 763 5211; x_wconf 80' lang='lat' dir='ltr'><em>sacrificium</em></span> <span class='ocrx_word' id='word_1_733' title='bbox 794 5156 871 5223; x_wconf 83' lang='lat' dir='ltr'><em>bidei,</em></span> <span class='ocrx_word' id='word_1_734' title='bbox 887 5161 916 5215; x_wconf 87' lang='lat' dir='ltr'><em>et</em></span> <span class='ocrx_word' id='word_1_735' title='bbox 971 5157 1098 5216; x_wconf 90' lang='lat' dir='ltr'><em>cerdatio</em></span> <span class='ocrx_word' id='word_1_736' title='bbox 1112 5170 1165 5211; x_wconf 92' lang='lat' dir='ltr'><em>suo</em></span> <span class='ocrx_word' id='word_1_737' title='bbox 1178 5152 1363 5210; x_wconf 89' lang='lat' dir='ltr'><em>solummodo</em></span> <span class='ocrx_word' id='word_1_738' title='bbox 1376 5152 1444 5209; x_wconf 79' lang='lat' dir='ltr'><em>bidei</em></span> <span class='ocrx_word' id='word_1_739' title='bbox 1463 5170 1580 5225; x_wconf 88' lang='lat' dir='ltr'><em>aarum,</em></span> <span class='ocrx_word' id='word_1_740' title='bbox 1596 5161 1626 5212; x_wconf 88' lang='lat' dir='ltr'><em>et</em></span> <span class='ocrx_word' id='word_1_741' title='bbox 1639 5159 1795 5229; x_wconf 80' lang='lat' dir='ltr'><em>pracepto-</em></span> 
     </span>
     <span class='ocr_line' id='line_1_56' title="bbox 90 5240 1794 5318; baseline -0.002 -15"><span class='ocrx_word' id='word_1_742' title='bbox 90 5240 304 5318; x_wconf 81' lang='lat' dir='ltr'><em>primogenitus</em></span> <span class='ocrx_word' id='word_1_743' title='bbox 314 5260 392 5299; x_wconf 86' lang='lat' dir='ltr'><em>unus</em></span> <span class='ocrx_word' id='word_1_744' title='bbox 402 5243 542 5299; x_wconf 89' lang='lat' dir='ltr'><em>bonorem</em></span> <span class='ocrx_word' id='word_1_745' title='bbox 553 5243 866 5316; x_wconf 68' lang='lat' dir='ltr'><em>primogenitoribus</em></span> <span class='ocrx_word' id='word_1_746' title='bbox 874 5263 916 5303; x_wconf 84' lang='lat' dir='ltr'><em>sa·</em></span> <span class='ocrx_word' id='word_1_747' title='bbox 971 5264 1035 5305; x_wconf 89' lang='lat' dir='ltr'><em>rum</em></span> <span class='ocrx_word' id='word_1_748' title='bbox 1044 5247 1186 5303; x_wconf 91' lang='lat' dir='ltr'><em>bonorum</em></span> <span class='ocrx_word' id='word_1_749' title='bbox 1198 5243 1530 5316; x_wconf 79' lang='lat' dir='ltr'><em>argentumbionsolum</em></span> <span class='ocrx_word' id='word_1_750' title='bbox 1540 5251 1636 5302; x_wconf 87' lang='lat' dir='ltr'><em>autem</em></span> <span class='ocrx_word' id='word_1_751' title='bbox 1648 5243 1794 5318; x_wconf 86' lang='lat' dir='ltr'><em>ejusmodi</em></span> 
     </span>
     <span class='ocr_line' id='line_1_57' title="bbox 91 5331 1792 5407; baseline -0.002 -14"><span class='ocrx_word' id='word_1_752' title='bbox 91 5335 255 5393; x_wconf 89' lang='lat' dir='ltr'><em>cerdatium</em></span> <span class='ocrx_word' id='word_1_753' title='bbox 271 5331 418 5404; x_wconf 79' lang='lat' dir='ltr'><em>suscipere</em></span> <span class='ocrx_word' id='word_1_754' title='bbox 433 5331 544 5397; x_wconf 86' lang='lat' dir='ltr'><em>debuit,</em></span> <span class='ocrx_word' id='word_1_755' title='bbox 560 5349 637 5389; x_wconf 92' lang='lat' dir='ltr'><em>unus</em></span> <span class='ocrx_word' id='word_1_756' title='bbox 652 5334 790 5407; x_wconf 88' lang='lat' dir='ltr'><em>idemque</em></span> <span class='ocrx_word' id='word_1_757' title='bbox 803 5338 832 5392; x_wconf 91' lang='lat' dir='ltr'><em>et</em></span> <span class='ocrx_word' id='word_1_758' title='bbox 854 5336 913 5407; x_wconf 87' lang='lat' dir='ltr'><em>pri·</em></span> <span class='ocrx_word' id='word_1_759' title='bbox 969 5334 1220 5400; x_wconf 81' lang='lat' dir='ltr'><em>ceremoniarum,</em></span> <span class='ocrx_word' id='word_1_760' title='bbox 1236 5331 1286 5388; x_wconf 90' lang='lat' dir='ltr'><em>aed</em></span> <span class='ocrx_word' id='word_1_761' title='bbox 1301 5339 1326 5387; x_wconf 89' lang='lat' dir='ltr'><em>et</em></span> <span class='ocrx_word' id='word_1_762' title='bbox 1341 5332 1475 5390; x_wconf 87' lang='lat' dir='ltr'><em>omnium</em></span> <span class='ocrx_word' id='word_1_763' title='bbox 1498 5339 1681 5407; x_wconf 89' lang='lat' dir='ltr'><em>peccatorum</em></span> <span class='ocrx_word' id='word_1_764' title='bbox 1708 5334 1792 5389; x_wconf 79' lang='lat' dir='ltr'><em>iaces</em></span> 
     </span>
     <span class='ocr_line' id='line_1_58' title="bbox 88 5420 1791 5496; baseline -0.004 -13"><span class='ocrx_word' id='word_1_765' title='bbox 88 5422 259 5496; x_wconf 83' lang='lat' dir='ltr'><em>moqenitus</em></span> <span class='ocrx_word' id='word_1_766' title='bbox 277 5424 423 5489; x_wconf 88' lang='lat' dir='ltr'><em>omnium,</em></span> <span class='ocrx_word' id='word_1_767' title='bbox 438 5426 466 5478; x_wconf 91' lang='lat' dir='ltr'><em>et</em></span> <span class='ocrx_word' id='word_1_768' title='bbox 494 5422 641 5487; x_wconf 87' lang='lat' dir='ltr'><em>sacerdos,</em></span> <span class='ocrx_word' id='word_1_769' title='bbox 670 5428 699 5478; x_wconf 90' lang='lat' dir='ltr'><em>et</em></span> <span class='ocrx_word' id='word_1_770' title='bbox 725 5422 912 5482; x_wconf 81' lang='lat' dir='ltr'><em>sacrificium.</em></span> <span class='ocrx_word' id='word_1_771' title='bbox 968 5423 1112 5482; x_wconf 83' lang='lat' dir='ltr'><em>excubabit</em></span> <span class='ocrx_word' id='word_1_772' title='bbox 1126 5421 1161 5478; x_wconf 92' lang='lat' dir='ltr'><em>de</em></span> <span class='ocrx_word' id='word_1_773' title='bbox 1177 5421 1314 5479; x_wconf 85' lang='lat' dir='ltr'><em>cordibus</em></span> <span class='ocrx_word' id='word_1_774' title='bbox 1329 5424 1514 5480; x_wconf 84' lang='lat' dir='ltr'><em>sacerdotum</em></span> <span class='ocrx_word' id='word_1_775' title='bbox 1530 5439 1662 5489; x_wconf 85' lang='lat' dir='ltr'><em>suorum,</em></span> <span class='ocrx_word' id='word_1_776' title='bbox 1679 5425 1709 5478; x_wconf 89' lang='lat' dir='ltr'><em>et</em></span> <span class='ocrx_word' id='word_1_777' title='bbox 1720 5420 1791 5477; x_wconf 85' lang='lat' dir='ltr'><em>otie-</em></span> 
     </span>
     <span class='ocr_line' id='line_1_59' title="bbox 86 5508 1788 5585; baseline -0.003 -13"><span class='ocrx_word' id='word_1_778' title='bbox 86 5515 169 5585; x_wconf 85' lang='lat' dir='ltr'><em>Quod</em></span> <span class='ocrx_word' id='word_1_779' title='bbox 195 5513 294 5570; x_wconf 86' lang='lat' dir='ltr'><em>scisne</em></span> <span class='ocrx_word' id='word_1_780' title='bbox 309 5512 427 5568; x_wconf 89' lang='lat' dir='ltr'><em>divinus</em></span> <span class='ocrx_word' id='word_1_781' title='bbox 449 5509 627 5584; x_wconf 81' lang='lat' dir='ltr'><em>evangelista</em></span> <span class='ocrx_word' id='word_1_782' title='bbox 642 5527 710 5567; x_wconf 93' lang='lat' dir='ltr'><em>cum</em></span> <span class='ocrx_word' id='word_1_783' title='bbox 740 5512 863 5569; x_wconf 84' lang='lat' dir='ltr'><em>dixisset</em></span> <span class='ocrx_word' id='word_1_784' title='bbox 876 5513 913 5570; x_wconf 91' lang='lat' dir='ltr'><em>de</em></span> <span class='ocrx_word' id='word_1_785' title='bbox 969 5518 1066 5572; x_wconf 83' lang='lat' dir='ltr'><em>rentes</em></span> <span class='ocrx_word' id='word_1_786' title='bbox 1081 5515 1168 5568; x_wconf 89' lang='lat' dir='ltr'><em>erunt</em></span> <span class='ocrx_word' id='word_1_787' title='bbox 1192 5511 1317 5567; x_wconf 85' lang='lat' dir='ltr'><em>nomino</em></span> <span class='ocrx_word' id='word_1_788' title='bbox 1334 5511 1478 5568; x_wconf 77' lang='lat' dir='ltr'><em>sacrificia</em></span> <span class='ocrx_word' id='word_1_789' title='bbox 1493 5513 1522 5568; x_wconf 93' lang='lat' dir='ltr'><em>in</em></span> <span class='ocrx_word' id='word_1_790' title='bbox 1534 5511 1660 5584; x_wconf 70' lang='lat' dir='ltr'><em>justitie,</em></span> <span class='ocrx_word' id='word_1_791' title='bbox 1678 5526 1736 5566; x_wconf 91' lang='lat' dir='ltr'><em>aon</em></span> <span class='ocrx_word' id='word_1_792' title='bbox 1757 5508 1788 5567; x_wconf 91' lang='lat' dir='ltr'><em>in</em></span> 
     </span>
    </p>
   </div>
   <div class='ocr_carea' id='block_1_26' title="bbox 85 5598 1890 5689">
    <p class='ocr_par' dir='ltr' id='par_1_26' title="bbox 85 5598 1890 5689">
     <span class='ocr_line' id='line_1_60' title="bbox 85 5598 1890 5689; baseline -0.003 -26"><span class='ocrx_word' id='word_1_793' title='bbox 85 5605 149 5677; x_wconf 83' lang='lat' dir='ltr'><em>illa,</em></span> <span class='ocrx_word' id='word_1_794' title='bbox 165 5619 255 5678; x_wconf 88' lang='lat' dir='ltr'><em>quam</em></span> <span class='ocrx_word' id='word_1_795' title='bbox 269 5602 413 5676; x_wconf 77' lang='lat' dir='ltr'><em>virginem</em></span> <span class='ocrx_word' id='word_1_796' title='bbox 442 5599 611 5674; x_wconf 86' lang='lat' dir='ltr'><em>cenoepisea</em></span> <span class='ocrx_word' id='word_1_797' title='bbox 640 5607 827 5659; x_wconf 85' lang='lat' dir='ltr'><em>narraverat:</em></span> <span class='ocrx_word' id='word_1_798' title='bbox 851 5605 912 5662; x_wconf 77' lang='lat' dir='ltr'><em>iu·</em></span> <span class='ocrx_word' id='word_1_799' title='bbox 967 5599 1372 5677; x_wconf 77' lang='lat' dir='ltr'><em>soa,ssdtn1tetjosmis,tn</em></span> <span class='ocrx_word' id='word_1_800' title='bbox 1387 5616 1507 5674; x_wconf 88' lang='lat' dir='ltr'><em>corpore</em></span> <span class='ocrx_word' id='word_1_801' title='bbox 1521 5606 1550 5658; x_wconf 92' lang='lat' dir='ltr'><em>et</em></span> <span class='ocrx_word' id='word_1_802' title='bbox 1563 5598 1704 5675; x_wconf 83' lang='lat' dir='ltr'><em>sanguine</em></span> <span class='ocrx_word' id='word_1_803' title='bbox 1719 5599 1790 5659; x_wconf 80' lang='lat' dir='ltr'><em>iesu</em></span> <span class='ocrx_word' id='word_1_804' title='bbox 1871 5652 1890 5689; x_wconf 65' lang='lat'><em>„-</em></span> 
     </span>
    </p>
   </div>
   <div class='ocr_carea' id='block_1_27' title="bbox 0 0 1918 6014">
    <p class='ocr_par' dir='ltr' id='par_1_27' title="bbox 0 0 1918 6014">
     <span class='ocr_line' id='line_1_61' title="bbox 0 0 1918 6014; baseline 0 2"><span class='ocrx_word' id='word_1_805' title='bbox 0 0 1918 6014; x_wconf 95' lang='lat' dir='ltr'><em> </em></span> 
     </span>
    </p>
   </div>
  </div>
 </body>
</html>
