3826 6014
165 218 224 282 ³99
712 212 885 276 RUPERTI
908 212 1076 275 nsun'rls
1098 211 1334 275 rutilantem.
1807 207 1870 269 too

162 366 228 406 rum
244 347 368 422 apostoli
381 347 499 403 fuerunt
508 347 623 419 optimi.
639 345 793 402 Chananaei
806 361 872 402 vero
884 361 990 401 secun.
1004 348 1031 413 Α
1046 344 1149 401 civitas
1164 345 1304 401 eoelestis.
1316 345 1408 416 llujus
1419 343 1556 400 nimirum
1568 343 1698 400 maxima
1708 341 1803 416 portio
1814 341 1871 398 suit

162 440 233 496 dum
248 438 304 494 hoe
319 439 417 509 ipsum
429 451 546 500 nomen,
559 436 636 507 quod
648 435 991 503 cstCheneam,etinter·
1043 448 1138 490 avaro
1151 432 1212 491 sole
1232 438 1344 489 remota
1366 434 1396 488 in
1421 449 1517 490 errore
1532 432 1705 506 gentilitatis
1730 435 1798 487 ente
1817 432 1868 487 ad·

160 531 290 600 pretatur
303 534 391 581 motus
404 540 509 595 corum,
525 525 554 581 hi
570 533 639 580 sunt
658 524 708 597 qui
734 528 813 580 moto
842 525 915 596 pede
941 540 992 596 per
1043 527 1162 579 ventum
1178 523 1347 591 Salvatoris,
1359 527 1389 579 et
1404 523 1512 579 idcirco
1527 527 1605 578 recte
1620 520 1792 593 intelligitur
1816 536 1870 593 per

161 617 331 690 superbiam
345 615 523 682 oeciderunt,
537 615 652 671 etiamsi
668 631 704 670 ex
717 614 818 670 eedem
835 630 921 670 carne
934 617 990 678 orti
1042 613 1330 685 transmigrationem
1346 629 1409 686 quae
1429 614 1458 668 in
1485 612 1633 683 Bosphoro
1657 616 1712 667 est.
1738 610 1869 682 Bospho-

161 711 242 775 sunt,
253 708 380 762 testante
395 702 519 760 Domino
534 718 601 758 curn
613 703 685 758 dieit
696 702 725 757 in
738 703 877 773 prophete
888 717 895 757 :
906 703 991 757 Pater
1042 721 1093 761 rus
1108 705 1198 772 enim,
1215 704 1361 776 sieutJ'am
1377 703 1514 775 superius
1530 703 1641 758 dietum
1657 707 1713 769 est,
1731 703 1810 776 regio
1823 708 1869 759 est

164 800 227 852 tuus
248 794 424 851 Amorrhaeus
439 801 465 848 et
484 801 573 847 mater
591 800 640 847 tuu
661 791 767 849 Celliaeu
788 789 895 863 (hierli.
920 792 989 863 sur).
1042 794 1132 849 maris
1147 793 1397 864 septentrionalis,
1413 809 1471 865 quo
1500 792 1789 864 transmigrationem
1815 801 1869 848 ter·

161 883 349 943 Amorrheus
365 897 493 952 namque
508 885 536 936 et
551 881 684 937 (lethaeus
699 879 752 937 lllii
766 880 903 936 chanaan
927 881 989 935 lue·
1042 899 1117 939 rene
1134 881 1313 939 Hierusalem
1330 882 1420 938 luisse
1435 881 1586 937 abductam
1612 880 1693 937 nulla
1717 882 1869 953 Scriptura

160 971 467 1046 ruot,.ludaeieutem
492 971 654 1026 secundum
678 986 794 1026 carnem
819 969 871 1024 lilii
898 968 987 1025 Israel
1042 971 1184 1027 meminit.
1215 970 1366 1027 Possidcbit
1385 987 1453 1042 ergo
1479 972 1603 1027 εἰυῖῖεῖεε
1628 972 1736 1040 Austri,
1763 969 1791 1025 id
1823 975 1868 1027 est

158 1061 484 1132 sunt,ettemeuJudeo
494 1057 990 1132 perprophetamilludimpropere·
1041 1062 1118 1116 m
1131 1059 1275 1129 meridiei,
1287 1059 1365 1132 quod
1378 1076 1456 1115 nunc
1468 1060 1602 1115 videmus
1614 1058 1687 1130 lieri,
1700 1059 1770 1113 dum
1780 1058 1869 1130 pleni·

158 1158 217 1211 tur.
233 1159 321 1210 Porro
335 1150 478 1222 sareptha
489 1150 629 1221 oppidum
639 1152 684 1204 est
694 1148 948 1218 Sidoniorum‚qui
959 1152 988 1204 et
1041 1150 1174 1206 tudinem
1192 1149 1380 1206 veriluminis
1392 1154 1421 1205 et
1432 1149 1539 1205 caloris
1549 1147 1773 1220 possident,qui
1785 1148 1868 1219 prius

157 1236 987 1317 ipsiChanauaisuutinuiapuhlioasitum,uhiquondam
1040 1242 1125 1294 erant
1139 1239 1250 1310 absque
1265 1237 1367 1293 notitia
1380 1237 1441 1306 Dei,
1455 1237 1572 1293 obscuri
1599 1240 1628 1292 et
1651 1235 1762 1307 frigidi;
1788 1236 1867 1308 quod

157 1333 246 1387 vidua
257 1330 335 1403 pavit
348 1328 450 1385 Ellam.
462 1327 553 1398 Cujus
563 1324 699 1382 videlieet
709 1325 803 1380 vidue
813 1325 986 1398 mysterium
1041 1325 1096 1382 tale
1111 1330 1156 1381 est
1170 1341 1204 1381 ao
1220 1325 1245 1381 si
1260 1326 1296 1382 de
1308 1326 1508 1397 septentrione
1518 1324 1720 1381 tranferentur
1731 1322 1868 1381 homines

35 1460 59 1475 .-
157 1414 985 1486 inscholallccleaiaeChristiuotumcst‚ineoquodait:
1039 1415 1075 1471 ad
1093 1414 1257 1483 meridiem,
1271 1414 1404 1470 civitates
1420 1413 1533 1470 lucidas
1549 1412 1721 1480 hehitaturi,
1739 1413 1867 1485 propitio

159 1512 200 1566 Ea
213 1510 313 1578 collipo
327 1509 383 1564 duo
401 1506 488 1576 lipara,
504 1511 535 1560 ut
552 1503 699 1576 inprsdiar
712 1507 739 1559 et
760 1506 863 1575 tectam
886 1519 986 1575 penem
1040 1504 1107 1573 Deo,
1123 1504 1172 1575 qui
1189 1503 1251 1560 sola
1266 1504 1360 1577 gratia
1376 1510 1402 1559 εῖ
1418 1504 1523 1574 pietate
1539 1519 1593 1558 aue
1608 1507 1710 1575 gentes
1725 1501 1866 1558 visitavit.

153 1598 225 1656 milti
238 1602 265 1655 et
278 1597 337 1667 tilio
348 1595 468 1666 meo(lll
480 1598 543 1665 liep.
556 1592 638 1664 xvir).
652 1593 754 1665 ltaque
764 1590 984 1663 transmigratio,
1038 1595 1072 1649 lit
1097 1595 1244 1649 ascendent
1269 1593 1419 1649 salvatores
1443 1592 1472 1648 in
1493 1602 1612 1649 montem
1636 1593 1715 1658 sion,
1737 1592 1868 1664 iudicare

153 1687 261 1761 inquit,
272 1686 409 1742 exercitus
420 1681 638 1755 hujusfiliorum
651 1681 748 1749 lsrael,
763 1681 846 1737 idest
864 1679 988 1754 apostoli
1004 1707 1027 1773 B
1041 1690 1160 1742 montem
1188 1686 1269 1741 Esau.
1294 1685 1458 1741 salvatores
1483 1688 1559 1740 reete
1583 1682 1722 1739 dicuntur
1746 1682 1787 1749 hi,
1818 1699 1868 1754 per

155 1776 261 1834 Christi
278 1770 476 1830 veraciterlllii
486 1768 733 1842 lsrael,populum
746 1769 983 1842 suumpopulum
1042 1791 1167 1848 quorum
1180 1773 1375 1830 ministerium
1385 1775 1516 1830 conversi
1531 1771 1866 1845 peccatoressalvanlur,

154 1865 310 1923 Judaioum
327 1878 358 1918 se
373 1859 562 1933 repellentem
577 1857 777 1930 relinquentes
787 1863 815 1915 ct
830 1861 866 1915 ad
882 1862 984 1931 gentes
1032 1866 1118 1939 juxte
1132 1866 1210 1938 quod
1227 1865 1378 1936 apostolus
1392 1866 1518 1920 Jacohus
1540 1863 1634 1919 dicit:
1662 1863 1798 1932 Quoniam
1818 1864 1869 1935 qua·

156 1951 413 2026 transmigrantes,
427 1949 607 2005 chananeos
622 1948 673 2019 qui
688 1962 719 2003 se
744 1948 847 2003 dicunt
868 1947 984 2004 ludens
1035 1955 1159 2010 corrusrti
1171 1954 1268 2027 fecerit
1283 1963 1454 2023 peccatorem
1468 1953 1501 2009 ui
1516 1968 1610 2010 errore
1630 1955 1682 2010 uiae
1699 1967 1760 2010 sure
1776 1952 1867 2007 salva·

154 2042 404 2108 condemnabunt,
419 2043 447 2094 et
462 2053 564 2094 eorum
574 2036 691 2107 iudices
721 2041 822 2104 erunt;
849 2036 984 2103 gentibue
1037 2044 1075 2100 tit
1089 2045 1215 2100 animem
1229 2046 1289 2117 ejas
1303 2062 1321 2099 n
1335 2052 1422 2100 morte
1435 2044 1507 2115 (loe.
1524 2044 1562 2115 v).
1576 2042 1634 2099 Hoo
1657 2043 1784 2099 maxime
1801 2047 1867 2115 post

159 2138 257 2190 autem
274 2131 397 2187 salutem
407 2125 665 2192 administrabunt,
677 2125 717 2180 ite
727 2123 926 2197 utimpleatur
933 2141 986 2197 per
1036 2132 1183 2188 christum
1199 2132 1322 2205 apostoli
1340 2133 1481 2200 recerunt,
1503 2148 1555 2204 per
1574 2147 1698 2203 quorum
1727 2133 1868 2205 pradica-

158 2239 208 2279 eos
222 2221 296 2276 illud
312 2218 390 2291 quod
405 2216 435 2271 in
449 2215 500 2271 illu
514 2215 601 2271 vidua
616 2214 796 2285 Stroplhana
817 2213 870 2269 full
892 2214 984 2285 praefl·
1036 2223 1144 2278 tionem
1161 2227 1263 2295 gentes
1279 2222 1315 2277 ah
1331 2237 1428 2277 errore
1452 2221 1505 2276 vie
1533 2237 1592 2276 sue
1619 2236 1762 2278 converse
1786 2226 1866 2277 sunt.

158 2315 309 2384 guraiilm,
325 2300 985 2369 SiouteiDominusterribilitel'inntlen8‚0l0
1037 2310 1203 2367 Salvatomg
1219 2310 1308 2383 igilur
1323 2315 1403 2378 sunt,
1420 2315 1448 2367 et
1463 2310 1518 2382 ipsi
1544 2311 1706 2366 ascendent
1730 2310 1758 2366 in
1784 2326 1869 2367 mon.

157 2397 276 2472 proprio
290 2395 405 2451 locutus
421 2399 464 2448 est
481 2407 488 2447 :
504 2392 536 2447 ln
551 2391 666 2447 ueritus
679 2390 740 2445 dico
751 2389 984 2448 uehismulte‘ui·
1036 2404 1094 2456 tem
1111 2400 1191 2468 sion,
1205 2401 1338 2471 judione
1354 2403 1483 2456 montem
1499 2404 1583 2470 Esau,
1608 2400 1638 2454 id
1662 2403 1717 2466 est,
1736 2401 1871 2464 sedebunt

156 2490 220 2545 dttae
234 2491 317 2543 eram
332 2486 362 2540 t'rt
377 2482 472 2538 diebus
487 2479 713 2546 Eliaet'ttlsrael‚
729 2480 841 2551 quando
856 2479 985 2537 clausum
1036 2505 1119 2560 super
1140 2488 1215 2545 aedes
1245 2488 1389 2546 duodecim
1408 2487 1571 2561 Judimntes
1599 2488 1742 2545 duodecim
1765 2491 1867 2557 m'bup,

156 2580 195 2634 ssi
209 2575 307 2631 cetum
321 2573 403 2628 anili
418 2570 508 2627 tribui
518 2576 544 2625 ⁶²
557 2568 698 2625 millib&
712 2584 772 2636 Μ,
787 2575 813 2624 θῐ
825 2567 861 2623 “d
874 2568 984 2624 nullam
1039 2578 1123 2634 lsrael
1143 2578 1252 2650 (Multis.
1278 2578 1368 2647 xtra),
1385 2578 1435 2650 qui
1451 2576 1591 2633 videlicet
1617 2578 1745 2634 carnalis
1770 2577 1870 2648 lsrael,

157 2666 283 2724 illarum
302 2665 464 2719 miditensi
492 2660 569 2714 Elias
595 2660 654 2714 nisi
679 2658 711 2713 t'n
726 2657 891 2730 sareptham
904 2657 985 2714 Sido·
1038 2672 1070 2722 ut
1086 2681 1161 2738 saepe
1176 2665 1315 2738 diximus,
1331 2673 1451 2738 propter
1466 2666 1521 2722 hon
1536 2667 1634 2739 ipsum
1652 2666 1869 2739 quodinfidelis

159 2758 217 2813 nie
231 2753 424 2811 udmuliersm
438 2747 552 2805 uiduam
580 2747 709 2820 (luerat.
729 2747 801 2804 ane
818 2752 847 2802 et
863 2762 942 2803 nuno
957 2755 985 2804 ol
1038 2759 1249 2827 etperseoutor
1263 2760 1308 2811 est
1324 2755 1433 2823 fratris,
1450 2756 1601 2811 dieituret
1624 2766 1667 2811 est
1687 2756 1773 2811 Esau.
1804 2755 1870 2812 lllo·

160 2844 305 2917 usquead
322 2842 411 2899 finem
438 2836 538 2894 saculi
559 2836 648 2907 Elias,
674 2837 751 2908 quod
777 2837 986 2907 interpretatur
1037 2861 1104 2901 rum
1120 2860 1217 2914 mona,
1234 2845 1264 2900 in
1291 2861 1379 2917 quem
1406 2846 1578 2916 ascendant,
1602 2845 1671 2901 sinn
1694 2845 1812 2911 dieitur,
1839 2849 1869 2902 et

20 2954 26 2963 ⁴
71 2934 74 2939 ’
160 2942 337 2999 venenatus,
351 2930 464 2987 seilicet
478 2929 622 2985 Dominus
637 2928 723 2982 lesus
737 2925 883 2996 Christus,
905 2927 984 3000 apud
1037 2933 1653 3005 eminentiavirtutumeet.Hojnsautsm
1678 2934 1754 2989 Esau
1781 2950 1869 2991 rnons

159 3026 248 3082 imm
262 3023 381 3078 viduam
405 3017 537 3090 iamim?
559 3021 587 3070 θῑ
612 3015 706 3087 9³⁵⁰st
729 3014 862 3087 hydriam
886 3016 984 3071 fllium
1039 3024 1183 3096 superbie
1196 3027 1294 3079 tumor
1310 3028 1363 3080 est.
1380 3022 1463 3080 Illius
1475 3023 1653 3095 exspectatio
1660 3023 1767 3094 judieii
1782 3025 1869 3094 plena

161 3115 237 3185 ejus,
252 3111 283 3167 id
293 3107 495 3166 estmodicum
506 3103 715 3174 scientiaequod
727 3107 922 3174 pernaturam
933 3103 984 3160 ha·
1000 3075 1022 3142 G
1040 3113 1155 3170 timoris
1170 3117 1224 3169 aar,
1240 3114 1272 3169 Er
1299 3113 1354 3169 mr
1376 3115 1490 3169 pomino
1513 3128 1644 3184 rmum
1666 3113 1790 3182 pomino,
1815 3112 1867 3168 in.

42 3202 48 3209 ·
161 3202 228 3258 bere
243 3201 356 3273 pothini
371 3192 531 3268 gentilitus,
547 3191 774 3264 multiplicando
786 3195 985 3266 perspiritum
1039 3219 1141 3275 quam,
1162 3205 1248 3276 nujus
1263 3203 1324 3259 haep
1334 3205 1436 3262 0111an
1447 3205 1523 3260 don&
1534 3210 1617 3269 gunt,
1629 3203 1706 3276 quod
1716 3203 1812 3260 sancti
1824 3204 1867 3260 sio

160 3289 289 3346 scientie
311 3283 484 3359 spiritualim
512 3285 541 3337 θῑ
563 3283 714 3353 coquendo
736 3298 788 3354 90¹⁸
811 3283 985 3355 mysslerium
1039 3291 1266 3364 haereditabunt,
1282 3293 1324 3350 sio
1339 3292 1543 3367 possidebunt,
1560 3293 1603 3349 aio
1623 3293 1810 3364 judicabunt,
1837 3309 1868 3360 et

161 3379 257 3437 crucis
269 3378 355 3451 eujus
369 3377 584 3432 sacramentum
602 3372 771 3444 medilatur,
783 3374 912 3446 profecto
927 3374 985 3430 duo
1038 3386 1105 3455 post
1114 3382 1304 3452 judicabunt,
1320 3388 1348 3438 at
1363 3382 1577 3455 postjudieium
1591 3381 1633 3449 inf.
1645 3397 1734 3454 regno
1750 3387 1866 3438 aelernoe

161 3470 241 3542 ligna
254 3467 375 3538 colligit,
391 3469 419 3521 et
432 3462 550 3520 vitalem
566 3463 602 3518 de
616 3461 777 3535 Scripturis
792 3464 982 3536 peuemlaoit.
1039 3486 1147 3525 mensa
1163 3471 1228 3542 ejus
1244 3471 1401 3544 participes
1417 3485 1500 3526 erunt
1512 3472 1598 3541 Juxta
1612 3469 1684 3526 illud
1701 3469 1786 3525 fidele
1801 3471 1867 3541 ejus

160 3554 425 3627 Ettrurumipratio
439 3550 610 3607 llierusulem
634 3566 694 3622 pure
718 3552 747 3606 in
773 3551 911 3623 Bosphoro
934 3562 983 3625 est,
1039 3559 1219 3631 promissum
1237 3562 1292 3618 :lit
1314 3576 1363 3631 cpe
1386 3559 1501 3631 dispono
1525 3560 1611 3627 uehis,
1635 3561 1706 3615 sicul
1729 3559 1866 3630 disposuit

159 3645 307 3719 possidebit
320 3644 450 3700 ciuitates
464 3641 561 3695 austri.
578 3639 760 3696 Hierusalem
778 3641 807 3696 in
824 3641 984 3713 Scripturis
1038 3647 1112 3702 anilii
1124 3650 1206 3704 Pater
1220 3665 1306 3717 meus,
1322 3653 1353 3705 ut
1366 3648 1455 3706 edetis
1468 3654 1496 3704 et
1512 3648 1613 3705 bibatis
1632 3664 1718 3720 super
1739 3664 1867 3704 mensam

162 3751 220 3791 oon
235 3733 369 3806 ignotum
391 3734 436 3786 est
459 3728 627 3801 significare
651 3728 824 3802 Ecclesiam,
849 3746 914 3802 qua
938 3737 984 3788 est
1037 3753 1127 3794 msam
1142 3740 1172 3795 ia
1186 3756 1269 3813 repas
1281 3755 1340 3796 meo
1356 3741 1432 3812 (huc.
1448 3739 1529 3811 xru).

162 3854 1865 3906 Q

307 3943 637 4044 PROLOGUS
671 3944 934 4043 RUPERTI
968 3952 1034 4047 IN
1067 3955 1093 4048 J
1104 3954 1277 4052 ONAM
1312 3954 1701 4052 PROPHETAM.

202 4139 284 4194 m
300 4127 415 4222 hulme
431 4141 502 4203 quae
523 4122 680 4184 Christum
694 4123 818 4202 querit,
844 4124 1049 4192 intentionem
1073 4151 1162 4194 suem
1188 4153 1243 4196 cur
1257 4135 1348 4196 illum
1363 4140 1486 4214 quaeret
1512 4133 1572 4195 hec
1593 4151 1669 4194 voce
1684 4133 1864 4212 depromit:

161 4213 263 4288 «Quis
278 4209 356 4271 mehr
370 4207 463 4267 dettc
478 4206 605 4296 tratrem
622 4221 738 4276 meum,
766 4213 928 4284 sugentem
947 4211 1042 4273 ubera
1057 4215 1165 4274 matris
1181 4221 1309 4291 meae,ut
1321 4215 1478 4277 inveniam
1494 4221 1524 4276 ῖε
1539 4215 1625 4287 foris,
1643 4220 1674 4275 εῖ
1688 4213 1863 4290 deosculer,

161 4302 193 4357 et
213 4297 280 4373 jam
298 4307 347 4351 me
363 4305 455 4381 nemo
467 4283 648 4378 despiciat?
663 4306 678 4339 u
696 4284 795 4362 (Cant.
812 4288 1128 4370 v111.)Maguaeenim
1153 4295 1363 4374 despectionis
1377 4296 1436 4356 sihi
1460 4296 1597 4368 conscia,
1614 4310 1733 4373 suoque
1744 4294 1866 4372 judicio

162 4377 297 4438 multum
314 4365 526 4459 despicabilis,
544 4381 580 4423 ao
596 4362 743 4441 despecta
756 4384 814 4444 per
827 4367 912 4431 hunc
927 4375 1029 4433 solum
1044 4393 1077 4433 ae
1093 4374 1242 4446 nobilem,
1260 4383 1291 4436 et
1307 4377 1458 4456 inclytam
1480 4377 1547 4437 fieri
1571 4376 1712 4448 conlidit,
1726 4376 1752 4435 si
1769 4375 1864 4436 talem

161 4458 311 4518 dilectum
326 4452 477 4519 invenire,
493 4442 743 4538 apprehendere,
760 4453 792 4539 ει
806 4448 983 4512 deosculari
1008 4455 1167 4526 meruerit,
1183 4475 1246 4516 non
1263 4463 1386 4518 tentum
1408 4458 1493 4518 intus
1517 4460 1548 4516 in
1564 4463 1685 4517 secreto
1700 4455 1864 4516 conscien-

161 4539 214 4597 tiae
231 4530 391 4602 cubiculo,
419 4544 529 4587 verum
545 4531 639 4585 etiem
651 4524 742 4615 visits,
772 4527 863 4590 idest
878 4530 922 4590 ita
945 4539 979 4593 ut
994 4533 1033 4593 ad
1048 4535 1167 4595 amicos
1196 4555 1322 4616 quoque
1350 4537 1456 4598 dilecti
1470 4537 1555 4597 illius
1584 4536 1759 4616 perveniat,
1779 4536 1864 4614 quod

161 4616 252 4677 illum
267 4612 391 4687 viderit,
408 4607 493 4686 quod
508 4610 684 4697 agnoverat,
710 4607 795 4700 quod
820 4610 852 4669 in
869 4627 940 4671 eum
965 4612 1143 4688 crediderit,
1170 4619 1254 4695 quod
1279 4636 1350 4678 eum
1367 4617 1523 4678 dilexerit.
1549 4619 1690 4696 Denique
1702 4617 1770 4692 jam
1788 4622 1863 4677 tunc

162 4692 362 4774 despicabilis
377 4706 443 4749 ease
458 4705 519 4748 non
537 4690 639 4777 potest
653 4702 683 4744 ιιι
700 4688 797 4747 oculta
813 4689 868 4781 liei
884 4691 994 4766 Patris,
1020 4694 1052 4754 in
1068 4703 1235 4775 conspectu
1261 4699 1449 4769 amicorum,
1471 4697 1617 4759 videlicet
1631 4696 1817 4777 angelorum
1833 4704 1864 4757 et

163 4776 329 4838 hominurn
344 4776 537 4832 sanctorum.
553 4764 613 4828 Uhr
628 4770 733 4826 autem
750 4767 797 4828 vel
812 4768 868 4829 rlle
883 4775 1008 4848 querit,
1025 4787 1079 4837 aut
1095 4796 1235 4856 quaerers
1259 4779 1365 4852 debet,
1382 4778 1435 4839 uhi
1450 4779 1503 4838 ille
1528 4779 1687 4840 invenitur
1702 4783 1758 4837 aul
1772 4778 1862 4837 inve-

49 4896 53 4905 ·
162 4858 223 4918 niri
237 4859 352 4936 potest,
369 4849 429 4911 nisi
439 4848 470 4908 in
486 4846 658 4925 scriptura,
678 4847 876 4928 maximeque
890 4854 1083 4932 prophetica,
1102 4876 1173 4936 quae
1190 4860 1297 4937 utique
1313 4859 1442 4920 verbum
1456 4858 1578 4920 Domini
1593 4857 1664 4920 est?
1679 4857 1725 4918 lbi
1740 4857 1861 4936 queri-

161 4943 213 4998 tur
226 4943 258 4998 et
271 4927 541 5026 invenitur,·qui·a'
559 4926 711 5020 prolecto,
729 4929 830 5007 qualis
857 4930 898 4991 sit
912 4931 965 4994 ille
993 4935 1137 5010 dilectus,
1160 4939 1323 5019 propheta
1352 4946 1518 5000 testantur.
1536 4941 1574 5000 Et
1586 4939 1618 4999 in
1647 4938 1716 4999 eliis
1730 4937 1860 5016 quidem

161 5017 265 5088 citius,
280 5015 312 5076 in
327 5015 396 5073 alna
408 5008 584 5103 'difficilius'
609 5013 776 5098 invenitur.
807 5008 840 5069 In
855 5010 936 5073 lone
951 5031 1037 5086 varo,
1067 5036 1159 5096 quern
1177 5038 1260 5080 rzunc
1285 5019 1408 5098 ingredi
1423 5019 1579 5098 cupimus;
1609 5017 1861 5079 manifestissima

160 5097 260 5159 claret
275 5095 358 5174 quod
374 5089 561 5184 miraculum
575 5104 608 5182 ¹.¹¹
622 5086 678 5148 rllo
692 5087 884 5183 celebratum
901 5094 994 5156 fuerit
1010 5099 1200 5176 praeconium
1218 5103 1295 5178 ejus.
1320 5103 1389 5180 lpse
1405 5100 1487 5161 euim
1503 5117 1557 5161 ore
1571 5099 1699 5178 proprio
1721 5097 1813 5172 dixit,
1830 5104 1861 5159 et

159 5183 245 5239 totus
259 5175 344 5237 orbis
372 5171 511 5233 audrrrt:
530 5193 545 5223 «
562 5169 650 5228 snut
665 5168 727 5262 luit
736 5169 832 5230 Jonas
853 5189 885 5230 ιιι
902 5183 1009 5238 ventre
1037 5178 1099 5238 celi
1114 5178 1213 5240 trihus
1243 5180 1354 5242 diebus
1382 5185 1414 5243 et
1429 5179 1529 5241 trihus
1555 5180 1713 5252 noctibus,
1740 5178 1785 5238 sic
1800 5178 1860 5239 erit

158 5258 257 5320 Filius
272 5252 409 5317 hominis
424 5253 456 5312 in
471 5249 566 5343 corde
582 5256 672 5342 terras
688 5248 789 5340 trihus
802 5249 913 5312 diebus
928 5261 959 5316 et
973 5256 1074 5318 trihus
1089 5258 1234 5319 noctibus
1256 5260 1383 5341 (illatth.
1399 5260 1467 5340 xri).
1483 5283 1498 5316 n
1515 5260 1615 5337 igitur
1629 5266 1661 5322 et
1686 5260 1771 5319 hunc
1787 5277 1860 5336 pro·

157 5339 286 5418 phetam
312 5340 399 5395 tanto
422 5331 561 5426 alsonus
582 5328 809 5420 regrediamur,
836 5341 956 5409 quanto
971 5338 1087 5398 clarius
1111 5344 1205 5418 atquc
1219 5342 1383 5418 pulchrius
1406 5341 1438 5402 in
1454 5358 1491 5401 eo
1513 5341 1628 5401 Christi
1642 5339 1859 5403 testimonium

156 5419 312 5489 norimus,
331 5432 424 5494 quem
440 5432 470 5472 ιιι
497 5411 666 5503 Scripturrs
680 5411 767 5501 legra·
781 5416 812 5470 et
827 5414 1052 5491 prophetarum
1082 5437 1223 5497 querere
1251 5422 1446 5502 propositum
1473 5420 1638 5496 hebemus,
1656 5420 1859 5482 obsecrantes

156 5507 199 5572 ut,
218 5499 272 5578 qui
288 5505 381 5576 typus
408 5492 701 5586 est'Selretorreet
729 5489 830 5550 tribus
844 5492 954 5555 diebus
976 5503 1007 5558 et
1021 5500 1167 5561 noctibus
1199 5501 1231 5561 in
1247 5511 1354 5564 ventre
1382 5501 1444 5562 ceti
1458 5506 1611 5573 moratus,
1641 5500 1860 5581 praefiguravit

156 5579 280 5642 Domini
298 5579 571 5643 resurrectionem,
588 5566 677 5628 oobrs
692 5587 819 5648 quoque
843 5572 998 5637 servorem
1014 5579 1166 5655 obtineat,
1191 5584 1356 5661 sanctique
1379 5581 1515 5661 Spiritus
1529 5582 1664 5662 gretiam
1680 5581 1856 5641 secundum

156 5661 330 5739 hocipsum
345 5672 461 5718 nomen
482 5666 586 5721 suum,
611 5648 696 5726 quod
712 5655 759 5710 est
780 5650 887 5731 Jonas,
913 5655 1140 5740 interpretetur
1153 5661 1237 5725 enim
1261 5664 1419 5726 columba.
1444 5662 1567 5743 etquis
1590 5661 1710 5724 nesciet
1724 5679 1809 5740 sape
1823 5661 1855 5722 in
