3826 6014
62 236 125 298 'il3

411 242 610 306 contient.
634 245 676 305 ΙΝ
700 244 755 304 Xll
777 241 919 303 uuoptt.
945 238 1026 298 ltltt.
1051 272 1089 282 —
1112 240 1149 300 ΙΝ
1172 238 1285 300 zactt.
1310 240 1383 301 LlB.
1407 241 1432 301 l.

1713 246 1773 307 rtt

64 371 251 446 intelligebat
265 373 295 430 iu
312 374 374 430 risu
391 376 451 446 illo,
469 378 525 434 nisi
542 384 662 435 terrena
673 379 752 435 illius
768 375 892 435 civitatis
908 383 937 446 Α
952 374 1674 441 toaliasemioantillis,eteurumearnaliametunt
1685 382 1776 453 (Rom.

64 462 279 531 dimensiones,
296 466 422 537 prolecto
438 485 511 539 puer
526 476 598 539 erat,
615 469 756 543 puerilem
772 482 893 525 sensum

64 552 203 617 babebat,
229 559 257 610 et
280 556 397 611 iuterim
421 558 495 613 visio
520 576 606 630 quam
631 559 758 627 videbat,
774 555 894 629 quiade

63 646 183 699 terreno
199 651 313 701 tantum
331 647 454 703 edificio
479 649 626 719 gaudebat
642 665 700 704 nou
715 647 829 704 solidus
844 643 893 700 ille

64 733 161 799 cibus,
178 733 228 789 sed
245 736 379 806 quedam
392 741 453 792 erat
468 736 550 793 lactis
563 738 712 793 alimonia.
736 738 821 793 lieete
840 733 892 805 igi·

63 826 117 878 tur
131 840 203 896 puer
218 825 313 881 dictus
329 831 384 893 est,
396 827 446 881 sed
463 828 519 882 cito
535 827 564 882 in
581 828 675 883 virum
688 829 825 899 prolicere
841 825 894 880 ha·

64 911 155 967 bebat
171 914 304 985 presenti
323 915 493 986 magisterio
509 916 670 972 toeleatium
682 916 841 989 spirituum
854 913 895 969 di·

63 1004 195 1061 ecutium
213 1022 220 1061 :
236 1008 342 1077 Absque
356 1023 437 1063 rrturo
453 1008 624 1064 habitabitur
639 1005 813 1064 Hierusalem
832 1020 894 1079 prae

62 1093 248 1152 ntultitmiine
267 1096 411 1152 bominum
432 1102 458 1153 et
468 1099 662 1170 jumentorum
676 1100 708 1154 in
720 1096 809 1154 mettio
824 1097 892 1167 eius,

64 1193 91 1242 et
105 1201 152 1257 eqo
166 1201 213 1242 ero
227 1186 263 1255 el,
280 1187 319 1242 ait
337 1189 480 1257 Dominus,
495 1206 592 1245 murus
608 1189 681 1261 ipnis
692 1191 720 1244 in
735 1185 894 1254 circuitu,et

63 1276 96 1332 in
112 1278 203 1346 pler-iu
215 1278 299 1334 erola
314 1278 403 1335 medio
419 1280 489 1350 ejus.
514 1281 565 1337 Est
588 1280 664 1338 euim
686 1297 803 1351 senens,
827 1282 892 1336 Hie-

64 1365 194 1424 rusalem
213 1384 278 1440 quae
296 1384 347 1440 per
362 1385 415 1425 nos
431 1370 605 1436 aedificatur,
619 1387 707 1440 quam
723 1388 774 1444 per
789 1373 894 1426 semet-

64 1455 165 1527 ipsum
174 1455 217 1512 vir
228 1457 282 1516 iate
291 1459 509 1528 metitur,muro
522 1460 754 1517 manulaetouon
766 1459 891 1515 eircum-

64 1545 165 1612 detur,
180 1549 231 1603 aed
246 1551 308 1604 tote
323 1548 487 1620 spiritualis
502 1558 544 1606 est
555 1550 708 1606 aedificatio
718 1549 892 1621 ejusltomi·

950 465 999 535 tu).
1012 464 1101 520 lithic
1119 464 1235 536 quidem
1249 465 1278 521 in
1296 465 1433 538 presenti
1442 467 1547 523 seculo
1559 467 1626 525 talis
1642 470 1777 528 Hierusa-

948 550 1006 609 lom
1018 555 1171 627 peregrine
1183 572 1250 626 pars
1261 555 1389 612 coelestis
1402 557 1708 626 Hierusalem,idoireo
1717 562 1778 618 ubt-

948 660 1090 716 quemuro
1118 645 1297 713 habitabitur,
1328 647 1466 717 quianon
1481 663 1539 704 uno
1559 649 1587 704 in
1615 648 1688 721 locu,
1719 669 1778 708 nou

948 733 978 790 in
995 751 1055 790 rina
1069 740 1155 807 gente
1169 736 1346 804 continetur,
1363 736 1424 803 sed,
1449 742 1480 793 ut
1491 738 1555 808 jum
1584 740 1696 795 dietum
1722 744 1777 796 esti

948 838 1000 896 per
1011 824 1111 880 orbem
1128 830 1270 880 terrarum
1287 825 1473 882 diffunditur.
1490 829 1522 882 ln
1539 827 1588 884 illo
1604 838 1701 885 autem
1718 847 1773 887 se·

948 911 1023 976 culo,
1040 914 1114 969 817
1133 930 1191 985 quo
1201 914 1269 968 hine
1283 914 1411 984 quotidie
1422 916 1705 985 transfertur,multo
1718 937 1778 976 ma·

948 1005 1026 1059 xime
1041 1019 1094 1058 nec
1107 1009 1160 1070 est,
1184 1020 1237 1060 nec
1256 1019 1320 1060 esse
1345 1004 1432 1060 debet
1448 1010 1498 1060 aut
1514 1011 1610 1078 puteat
1625 1024 1729 1064 murus
1745 1008 1774 1065 in

949 1093 1073 1149 circuitu
1085 1094 1160 1166 ejus,
1177 1093 1234 1148 nisi
1260 1094 1413 1160 Dominus,
1430 1092 1481 1166 qui
1492 1095 1558 1151 etin
1572 1093 1663 1167 gloria
1674 1101 1730 1155 erit
1744 1101 1774 1155 in

948 1184 1045 1240 medio
1056 1184 1131 1254 ejus.
1143 1183 1298 1257 Sequitur:
1312 1186 1375 1254 uo,
1386 1186 1476 1257 sapite
1486 1185 1518 1242 de
1531 1189 1606 1242 terra
1621 1189 1774 1258 aquilonis,

947 1274 1014 1331 dicit
1029 1272 1171 1342 Dominus,
1193 1276 1323 1346 quonium
1347 1277 1377 1330 in
1394 1284 1511 1348 quatuor
1524 1283 1621 1332 uentos
1635 1279 1700 1333 coti
1715 1277 1774 1334 dir·

945 1365 1022 1438 perri
1066 1381 1121 1433 uos,
1157 1363 1225 1420 dicit
1263 1366 1404 1421 Dominus.
1449 1366 1469 1422 0
1506 1367 1583 1433 Sion,
1611 1370 1679 1438 supe
1712 1382 1775 1440 que

947 1454 1494 1527 babitusapudfiliumliabylonis,qrtiu
1514 1456 1570 1511 baec
1594 1457 1661 1514 dicit
1684 1458 1774 1514 Domi·
1855 1501 1857 1506 .
1893 1506 1903 1519 ,

947 1570 1000 1609 nus
1024 1553 1208 1611 exercituum.
1234 1556 1296 1609 Post
1316 1554 1437 1625 plurium
1457 1555 1534 1612 mitit
1554 1572 1597 1612 nne
1622 1555 1656 1612 ad
1670 1559 1775 1626 pentes,

66 1636 194 1708 uusipse
205 1653 309 1694 murus
326 1638 401 1709 ojus,
417 1656 515 1695 murus
539 1639 614 1712 ipnr'r
639 1642 669 1697 in
693 1641 822 1710 circuitu,
843 1655 894 1712 per
948 1645 1211 1716 qucespotiuuerimt
1226 1660 1283 1701 eos.
1300 1645 1355 1714 Qui
1368 1644 1443 1700 enim
1457 1646 1584 1714 teriperit
1598 1662 1655 1715 uos,
1670 1650 1775 1717 tanqet,

66 1726 145 1798 quod
157 1726 260 1784 civitas
274 1727 422 1800 illaquam
435 1729 520 1785 firma
532 1729 655 1797 situatis
668 1729 892 1786 innuitur.Cunr
910 1774 911 1778 ,
948 1736 1082 1807 pupilium
1097 1736 1170 1791 ocuti
1183 1737 1248 1792 mei.
1260 1733 1331 1804 Quia
1346 1750 1407 1792 eece
1421 1751 1470 1807 eqo
1486 1736 1544 1793 leco
1560 1753 1673 1792 monam
1684 1752 1775 1794 meam

65 1813 366 1890 tntmsscriplumsib
384 1816 455 1873 titul
480 1819 542 1889 tlttit
568 1836 634 1875 cere
662 1836 678 1876 a
706 1821 779 1893 [acic
808 1819 891 1889 ipris,
947 1827 1137 1895 rutprer·eos,et
1156 1831 1237 1880 crunt
1260 1823 1362 1895 praedas
1385 1824 1428 1879 bis
1452 1823 1501 1895 qai
1514 1825 1652 1880 seruiebat
1666 1824 1732 1891 sibi,
1748 1830 1775 1882 et

66 1906 105 1961 ric
121 1916 236 1976 pereant
251 1911 406 1977 peccatores
421 1924 437 1962 a
452 1907 525 1978 sarie
541 1910 590 1965 liei
603 1910 690 1978 (Paul.
707 1907 805 1980 cxvii).
823 1907 893 1972 Quis
946 1914 1191 1986 caprearumque
1200 1914 1330 1968 borninus
1340 1912 1510 1969 exercituum
1524 1914 1598 1969 misit
1614 1928 1665 1970 me.
1678 1915 1771 1981 Quum

66 1993 107 2048 ibi
118 1993 233 2050 bostem
250 1994 445 2068 timebit,quis
461 1997 496 2052 de
513 1997 633 2054 inimico
650 1997 794 2054 sollicitus
810 1994 893 2052 ertit
946 2008 1120 2074 opportune,
1137 2019 1224 2074 quum
1250 2003 1399 2074 sapienter
1413 2002 1540 2070 Spiritus
1556 2008 1678 2060 sanctus
1698 2003 1769 2060 dum

68 2085 140 2158 Ergo
150 2087 227 2159 quod
239 2087 268 2144 iu
281 2089 500 2145 Psalmodehnc
512 2090 574 2162 ipsa
585 2092 768 2147 Hierusalem
781 2091 891 2147 dietum
946 2092 1067 2148 senibus
1083 2091 1222 2163 loquatur
1234 2095 1262 2147 ot
1277 2091 1362 2147 senili
1378 2090 1519 2147 auditoris
1535 2092 1633 2148 animo
1644 2091 1770 2150 delecte·

67 2188 129 2233 eat:
145 2180 251 2233 tloater
274 2181 301 2232 in
323 2177 445 2234 circuitu
459 2181 529 2250 eius,
542 2184 566 2236 et
582 2181 714 2237 Dominus
729 2180 892 2237 incircuitu
946 2186 1004 2249 tur,
1021 2183 1139 2238 interim
1152 2199 1241 2255 puero
1253 2181 1512 2254 blanditur,qualis
1526 2199 1593 2239 voro
1608 2187 1689 2239 totus
1699 2188 1769 2240 tuuc

63 2267 161 2338 populi
175 2269 220 2322 sui
234 2268 320 2339 (Prot.
337 2272 442 2337 cxxiv),
460 2271 613 2341 magnifice
626 2287 753 2342 praesens
765 2271 846 2327 locus
856 2270 890 2326 il·
945 2277 1006 2328 erat
1021 2272 1158 2346 populus,
1174 2272 1223 2345 qui
1240 2273 1275 2329 de
1286 2271 1633 2345 Babylonieacaptivitate
1645 2278 1770 2329 reverte·

65 2356 172 2412 lustrat
186 2355 222 2426 ei,
238 2357 422 2429 qulseusatn
437 2360 560 2414 excessit
577 2360 769 2431 pueri.Qnod
786 2359 892 2415 deiude
946 2363 1043 2429 batur,
1071 2363 1156 2433 cujus
1184 2378 1305 2418 sensum
1336 2363 1507 2435 supergredi
1536 2362 1770 2430 volebatistum,

64 2454 118 2508 nbi
131 2453 241 2510 dixerat
257 2472 264 2511 :
280 2455 337 2525 ligo
354 2456 485 2512 bonanus
497 2473 594 2512 murus
609 2459 685 2527 ipris
704 2460 734 2513 in
759 2456 890 2526 circuitu,
945 2469 1032 2523 quem
1049 2451 1346 2523 appellabatangelua
1363 2468 1499 2524 puerum,
1517 2451 1616 2508 dicens
1627 2469 1633 2508 :
1646 2452 1733 2509 Curre
1747 2456 1772 2509 et
1793 2456 1796 2460 ’

63 2544 226 2614 subjunxit,
235 2554 262 2600 et
272 2543 302 2600 in
313 2546 403 2613 qtorie
414 2562 461 2602 ero
473 2548 504 2603 ia
514 2547 604 2603 medio
614 2548 792 2619 ejusltidem
804 2547 891 2619 longe
945 2541 1099 2614 toqrrereart
1113 2540 1324 2610 puerumistum
1339 2542 1400 2611 (tre.
1419 2542 1488 2615 uxr).
1499 2546 1572 2596 Nam
1595 2559 1684 2614 puero
1702 2559 1772 2599 cen·

63 2651 289 2706 supersensum
308 2637 389 2707 pueri
405 2642 460 2704 est,
476 2637 546 2709 quta
570 2637 705 2693 videlieet
728 2655 786 2693 nnn
812 2639 890 2693 sieut
945 2631 1107 2700 tenariam
1120 2631 1367 2704 quojamdictum
1386 2637 1638 2703 usquequaquam
1654 2632 1773 2688 blandi-

62 2724 153 2781 homo
167 2724 269 2782 localis
283 2730 312 2781 et
327 2729 461 2782 terrenus
478 2727 507 2782 iu
525 2728 620 2784 medio
636 2728 788 2784 bominum
810 2728 889 2783 loea-
945 2721 1445 2793 tur,seddiciteiquiumorietur.
1475 2723 1636 2789 0⁰0m⁰d⁰‚
1665 2721 1711 2777 vel
1736 2722 1773 2777 td

62 2815 136 2871 lium
155 2816 491 2881 terrenorumsedsicut
503 2822 577 2872 Deus
592 2822 711 2874 Creator
731 2818 887 2890 spirituum
943 2811 1014 2884 quid
1031 2810 1181 2867 blanditur
1196 2811 1238 2865 illi
1254 2827 1354 2883 pactu,
1372 2811 1400 2866 id
1418 2816 1464 2867 est
1478 2810 1607 2882 simplici
1637 2809 1775 2882 populo?

61 2903 91 2960 in
110 2906 206 2962 medio
221 2907 274 2961 erit
289 2909 459 2979 angelorum
491 2912 519 2962 et
540 2908 692 2964 hominurn
715 2908 744 2964 in
770 2908 889 2981 templis
942 2910 1085 2966 Videlicet
1100 2911 1139 2966 ita
1155 2910 1347 2982 loquend0,ut
1360 2910 1465 2965 sentiat
1481 2908 1549 2966 talis
1563 2909 1770 2981 puersessdi·

62 2997 207 3066 cordium,
225 2997 254 3052 in
270 2999 406 3055 domibus
426 3015 491 3071 quse
504 2999 568 3067 ipsa
584 3017 705 3072 corpora
718 3009 888 3056 sanctorum
942 3003 1009 3058 vina
1019 3001 1192 3058 invitatione
1204 3002 1330 3057 revocari
1341 3002 1377 3056 de
1388 3001 1533 3074 babylone
1546 3000 1580 3055 ad
1594 3000 1773 3056 reedifican-

60 3091 90 3144 et
100 3088 268 3144 animarum
280 3090 439 3162 precordia
454 3097 533 3155 sunt,
544 3089 769 3162 quodquoleest
779 3089 823 3145 vel
834 3091 889 3146 erit
944 3093 1011 3148 dam
1028 3092 1174 3148 civitatem
1187 3090 1231 3147 vel
1248 3092 1403 3164 templum,
1419 3092 1504 3162 cujus
1515 3089 1771 3160 reedificatiosie·

60 3178 158 3235 oculus
172 3195 230 3234 non
244 3179 325 3247 uidit,
341 3183 366 3236 et
380 3178 460 3235 auris
474 3196 529 3236 uon
545 3179 665 3248 audiuit,
682 3184 709 3236 et
724 3179 755 3235 in
773 3196 819 3237 ror
840 3180 888 3237 lio·
908 3149 929 3215 C
945 3188 976 3238 ut
987 3184 1049 3254 jum
1067 3183 1178 3238 dictum
1195 3190 1249 3252 est,
1271 3181 1444 3255 preparatio
1460 3186 1520 3238 erut
1536 3181 1641 3236 salutis
1665 3179 1770 3235 huma·

60 3266 149 3325 urinis
165 3285 220 3325 non
235 3271 357 3325 ascendit
378 3271 456 3341 (lsai.
482 3273 565 3338 uxrvl.
596 3268 680 3325 Pueri
697 3269 817 3342 quidum
839 3268 889 3342 qui
942 3289 996 3327 nae.
1008 3277 1081 3327 Puer
1095 3275 1167 3339 erat,
1185 3271 1320 3344 quisquis
1337 3270 1409 3327 nihil
1428 3269 1506 3326 eliud
1526 3275 1631 3342 prester
1650 3267 1782 3341 restituq

59 3374 217 3431 uunquam
233 3359 400 3431 proliciunt,
419 3360 500 3431 pueri
514 3362 632 3415 centum
650 3359 888 3425 annorum,istud
941 3361 1051 3416 tionem
1064 3361 1118 3418 loci
1129 3371 1154 3416 et
1166 3360 1263 3433 gentis
1274 3377 1391 3434 sperare
1412 3361 1533 3425 sciebat,
1549 3373 1696 3432 quemque
1708 3356 1769 3414 sal·

57 3450 140 3521 quod
158 3447 331 3504 bicdictum
356 3457 410 3519 est,
436 3448 889 3521 obsquemurolarrbitabiturllie-
941 3453 999 3506 tem
1017 3450 1071 3506 hoo
1094 3449 1232 3522 exiguum
1262 3450 1434 3506 delectabat.
1461 3449 1508 3506 Vir
1534 3454 1633 3504 autern
1664 3449 1769 3503 imoet

54 3538 185 3595 ruralem
198 3552 259 3610 prae
272 3537 456 3595 multitudiue
470 3539 646 3595 bominumet
652 3542 846 3612 jumentorum
858 3537 890 3593 ia
941 3556 1028 3596 senex
1044 3544 1116 3605 erat,
1142 3539 1279 3612 quisquis
1304 3538 1359 3596 loci
1379 3538 1459 3594 illius
1475 3538 1692 3594 restitutionem
1710 3551 1769 3591 non

53 3627 152 3684 mettio
167 3628 238 3699 ejus,
255 3634 357 3699 putant
372 3627 529 3685 carnaliter
545 3627 890 3693 essevonturumniileli·
942 3629 1167 3700 proptoripsum
1199 3629 1304 3696 laeum,
1335 3629 1385 3684 sort
1417 3624 1771 3699 proptereum,quiinde

56 3718 196 3790 estquod
209 3717 388 3774 Hierusalem
401 3719 738 3775 tautumbeatitadinem
753 3718 889 3774 habitura
942 3727 1083 3777 venturus
1099 3724 1172 3786 erat,
1188 3718 1300 3776 scilieet
1310 3717 1460 3775 Christum
1471 3716 1667 3773 desiderabat.
1679 3713 1771 3770 Voca-

56 3806 111 3872 sit,
128 3809 162 3861 ut
177 3822 236 3877 pros
252 3805 441 3862 multitudine
467 3806 619 3861 bominum
643 3809 671 3860 et
688 3807 888 3876 jumentorum
942 3808 1033 3864 tivum
1050 3825 1150 3865 cusum
1167 3806 1386 3880 conquadrans,
1402 3822 1428 3876 o,
1443 3822 1468 3876 o,
1483 3807 1585 3878 sopite,
1608 3802 1715 3874 iuquit,
1736 3801 1771 3858 da

58 3903 208 3972 omnium,
225 3921 341 3960 murum
358 3904 464 3960 habere
481 3922 536 3960 non
564 3904 668 3976 possit,
694 3903 745 3960 sed
774 3903 889 3959 Domini
941 3899 1178 3972 terr-aoqailoais,
1193 3897 1321 3969 itemque
1346 3896 1442 3963 tortio,
1466 3911 1480 3950 o
1505 3894 1583 3964 Sion,
1607 3894 1683 3964 tuuc,
1706 3904 1769 3962 que

59 3993 195 4051 defensio
209 4010 313 4050 murus
329 3996 367 4050 sit
382 3994 486 4064 ipsius,
502 3999 530 4050 et
544 3994 624 4050 illius
639 3994 667 4048 in
685 3994 778 4050 medlo
805 3993 890 4049 hubi-
942 3999 1053 4056 traditas
1067 3998 1144 4070 epau
1158 3998 1245 4068 filium
1262 3995 1418 4068 babylonis.
1434 3995 1528 4066 Fuqite
1542 3992 1575 4048 de
1589 3997 1665 4046 terra
1685 3992 1769 4061 Aqui·

55 4083 459 4157 tentisgloriapert'ruutur.
483 4085 525 4138 Ad
552 4100 677 4156 puerum
705 4083 888 4156 hujusmodi,
942 4089 1115 4155 tonis,idem
1131 4088 1266 4158 estquod
1282 4090 1356 4157 supe,
1381 4102 1440 4158 quie
1466 4084 1572 4139 liabitas
1587 4080 1768 4153 ·rpudfitiam
1875 4112 1878 4119 ·

55 4191 188 4249 puerum
205 4184 320 4232 centuni
334 4174 543 4246 oarroruni,qui
562 4175 689 4230 moritur
704 4180 749 4230 ost
766 4175 887 4231 maledi·
941 4179 1100 4252 Babylonis.
1118 4178 1212 4249 Plagae
1226 4194 1353 4250 namque
1368 4176 1458 4238 orbis,
1475 4191 1550 4247 quas
1565 4171 1656 4227 Greci
1669 4170 1768 4243 appel·

50 4265 289 4338 etum,pupulus
305 4265 383 4321 enim
399 4263 541 4320 luduicus
557 4268 671 4331 estnon
688 4265 780 4320 currit
797 4281 888 4336 neque
942 4268 1245 4339 l.1nt,ctimota,juxte
1263 4263 1546 4324 situmHierusalem
1561 4261 1768 4331 intelliguntur
1868 4298 1871 4303 ·

53 4355 191 4412 mittitur
206 4353 327 4427 angelus
353 4358 385 4410 ut
414 4355 449 4409 ad
475 4370 541 4410 euru
568 4353 705 4426 loquatur
721 4355 797 4424 (leui.
814 4356 887 4428 axv),
941 4364 969 4415 et
984 4356 1085 4430 templi
1102 4363 1130 4413 et
1141 4363 1227 4427 Juxta
1242 4355 1330 4413 situm
1344 4354 1425 4410 illius
1437 4351 1575 4424 Babylon,
1587 4350 1664 4423 apud
1677 4362 1766 4420 quam

51 4461 114 4502 nec
129 4444 209 4500 enirn
226 4446 328 4500 audire
340 4448 392 4500 aaut
407 4444 567 4502 secundum
585 4459 706 4500 sensum
720 4461 823 4501 senum
841 4445 886 4500 in·
941 4447 1073 4519 captivus
1089 4451 1151 4502 erat
1166 4445 1216 4502 Dei
1230 4444 1365 4517 populus,
1383 4442 1412 4498 in
1429 4448 1511 4514 parte
1525 4446 1570 4498 est
1591 4438 1767 4512 aquilonari,

41 4532 190 4604 telligero
211 4531 279 4589 tull.
295 4532 353 4590 Nos
372 4538 471 4588 autem
488 4549 554 4588 cum
571 4533 627 4588 isto
645 4549 745 4605 puero,
761 4534 811 4606 qul
832 4551 888 4590 ttu-
903 4515 926 4580 D
943 4538 1001 4594 Hoc
1026 4554 1094 4610 ergo
1110 4536 1187 4609 quod
1204 4534 1319 4599 dieitur,
1343 4548 1370 4602 o,
1393 4548 1419 4600 ο,
1440 4533 1540 4604 suffito,
1565 4529 1672 4596 asion,
1690 4531 1766 4600 sirpe,

49 4622 169 4680 diendo
180 4625 208 4677 et
224 4620 415 4694 intelligendo
430 4621 546 4695 prolicit
563 4619 591 4675 iu
608 4620 715 4690 virum,
728 4621 770 4677 sio
782 4620 888 4678 intelli·

50 4712 161 4787 &mua
177 4712 253 4784 quod
265 4712 373 4768 dietum
384 4717 428 4767 est
439 4726 500 4784 pree
510 4710 694 4766 multitudine
704 4710 847 4767 bominum
863 4714 888 4766 et

41 4804 250 4872 jumentorum
262 4804 292 4857 in
306 4800 397 4857 medio
411 4802 482 4871 eius,
493 4800 593 4871 absque
607 4817 687 4857 muro
702 4800 887 4867 habitabitur,

55 4896 92 4948 ut
102 4907 186 4948 nuno
198 4890 450 4947 manitesleoculia
463 4891 570 4962 apertis
584 4888 887 4953 ridetnus.0uiseuim

52 4997 163 5055 regum
180 4987 232 5037 aut
245 4981 454 5053 imperatorum
471 4985 530 5037 tam
543 4996 681 5054 magnum
694 4981 753 5038 sive
763 4986 889 5040 tamam-

55 5071 145 5145 plum
162 5072 306 5143 potuisset
322 5071 415 5127 lacere
431 5069 621 5142 murum,qui
637 5069 825 5127 concluderet
841 5090 887 5130 or·

53 5159 128 5218 bem
143 5165 289 5218 terrarum
302 5161 315 5216 t
330 5160 390 5216 Nisi
407 5165 502 5215 autem
519 5159 702 5217 concluderet
719 5162 817 5219 orbern
835 5168 889 5220 ter·

55 5268 170 5322 rarum,
186 5268 243 5307 non
260 5256 360 5325 posset
374 5249 486 5306 ambire
501 5249 683 5306 Hierusalem
700 5250 886 5318 istamseili·

54 5351 102 5399 cet
112 5339 283 5411 Ecclesiam,
300 5341 369 5414 quia
379 5340 513 5397 videlieet
524 5339 554 5396 in
566 5345 626 5396 totu
641 5341 747 5397 diltusa
762 5348 806 5398 est
817 5345 887 5402 orbo

943 4628 985 4684 sio
1000 4626 1184 4698 intelligitur,
1201 4640 1291 4680 sensu
1307 4622 1426 4697 quidem
1440 4619 1609 4693 puerili,sed
1626 4635 1683 4675 non
1700 4619 1768 4675 inu·

942 4717 995 4773 titt.
1013 4721 1084 4772 Ecce
1098 4713 1246 4787 quomodo
1262 4713 1383 4784 poeuitet
1402 4711 1562 4768 Dominum
1586 4707 1656 4764 mali
1687 4708 1767 4779 quod

943 4807 1009 4864 lecit
1021 4806 1116 4870 uobis,
1125 4803 1270 4878 quomodo
1282 4801 1360 4859 dolet
1372 4817 1462 4875 super
1482 4799 1597 4857 civitate
1619 4797 1728 4870 inclyta
1738 4801 1767 4854 et

942 4900 1051 4970 templo
1064 4894 1198 4965 nobili,ln
1214 4910 1273 4967 qua
1288 4891 1350 4950 sola
1364 4891 1478 4948 ciuitate
1493 4888 1722 4963 glorificabatur,
1735 4887 1765 4942 in

943 5003 999 5060 quo
1009 4985 1120 5059 templo
1132 4984 1334 5040 uniconomeu
1345 4982 1409 5054 ejus
1422 4981 1622 5038 invocabatur.
1639 4977 1697 5034 Neo
1713 4977 1767 5034 rui-

943 5093 1018 5142 rum,
1035 5091 1175 5148 magnum
1190 5074 1269 5130 enirn
1286 5072 1346 5128 illie
1361 5076 1423 5129 erat
1434 5087 1541 5128 nomeu
1557 5070 1764 5142 ejus,mognus

942 5168 1035 5224 honor
1050 5165 1274 5239 impendebatur
1293 5163 1404 5221 nomini
1420 5165 1495 5235 ejus.
1511 5167 1601 5236 Cyrus
1618 5177 1671 5216 nos
1695 5158 1765 5212 illue

943 5256 1036 5313 redire
1056 5272 1113 5311 nou
1129 5253 1336 5327 compulit,sod
1352 5252 1557 5309 tantummodo
1573 5246 1712 5305 redeundi
1730 5243 1766 5298 li·

943 5346 1067 5402 centium
1084 5344 1173 5401 dedit.
1191 5342 1257 5412 Quia
1271 5353 1311 5400 est
1326 5342 1357 5399 in
1367 5343 1453 5410 uobis,
1465 5342 1516 5409 ait,
1532 5341 1565 5396 de
1580 5340 1705 5394 uniuerso
1717 5348 1768 5405 po·

55 5433 206 5488 terraram
221 5431 250 5486 in
267 5448 302 5487 ea
325 5431 466 5487 dicuutur
491 5429 638 5498 homines,
656 5429 705 5502 qui
722 5431 888 5504 spiritualia
941 5437 1006 5509 puto
1021 5433 1138 5493 Domini
1152 5434 1236 5491 ruelii
1246 5435 1369 5491 Sitlteus
1384 5432 1536 5490 ittiueeum
1549 5430 1618 5503 ipso,
1630 5431 1655 5483 et
1672 5439 1769 5480 areeri·

57 5523 191 5598 sepiunt,
202 5521 342 5594 jumenta
356 5538 423 5578 vero
439 5519 486 5594 qui
505 5518 679 5592 simpliciter
694 5521 823 5594 sapiunt,
837 5524 887 5594 ju·
941 5527 990 5584 dat
1017 5526 1196 5597 ltieruratem,
1227 5540 1289 5598 quae
1312 5532 1350 5582 ert
1361 5526 1390 5580 in
1404 5523 1510 5590 tudaea,
1526 5529 1552 5578 et
1565 5519 1706 5590 aedificent
1720 5517 1771 5569 do·

57 5620 126 5673 iant
141 5617 242 5674 numm
257 5629 307 5671 eos
322 5614 384 5686 qui,
398 5627 465 5670 cum
479 5611 541 5668 sint
556 5611 793 5684 spirituales,sua
803 5615 888 5687 spiri·
942 5633 1020 5675 mum
1046 5618 1158 5702 Domini
1177 5617 1230 5674 Dei
1243 5615 1288 5673 rui
1301 5614 1388 5672 lsrael
1404 5615 1427 5687 (t
1441 5613 1520 5670 Eutr.
1537 5612 1567 5684 r).
1584 5610 1773 5679 Quantopere

182 5731 490 5798 Paruumcbllvlll.
1611 5732 1650 5790 2³
