3826 6014
103 184 186 321 ἱιω
656 216 829 286 nornen
849 218 1017 287 assius
1041 216 1277 285 currimus.
1766 232 1826 298 ιω

125 360 216 416 tinere
228 370 286 413 nors
300 357 413 428 poseant
423 368 508 425 opum
522 355 628 426 iterur)
640 371 647 422 ;
658 353 714 411 hoo
726 354 762 412 de
777 353 945 430 geniculis,
960 356 988 425 Α
1002 353 1094 411 cuttui
1104 353 1264 413 vitulorum
1273 357 1609 434 succubueritidagnam
1621 361 1729 421 deiude
1740 370 1826 424 sonat

16 466 19 471 ·
125 451 161 506 de
172 446 279 521 populo
290 443 491 517 quovisttsum
505 444 668 516 ignorante,
680 445 737 500 dici
749 461 806 500 nou
819 449 942 516 poteret.
1001 444 1075 501 iram
1090 446 1224 513 dicendo,
1239 450 1265 504 ct
1279 463 1331 520 epo
1351 451 1469 506 transiri
1482 467 1565 522 caper
1586 453 1823 524 putctrrirudinem

125 537 202 596 Gens
216 537 293 592 enim
309 549 489 607 quecunque
503 549 602 590 verum
620 536 759 607 ignoraus
774 533 878 604 Deum,
894 531 947 590 ru·
999 536 1064 593 cotti
1092 537 1168 611 ἠως
1194 538 1339 594 arcendam
1361 555 1445 610 saper
1470 540 1614 611 Ephraim,
1641 544 1823 606 pulchritudo

124 644 173 685 sue
187 628 257 683 deos
273 624 395 690 colebat,
406 639 493 679 uuam
506 629 621 680 tantum
643 625 745 680 iecisse
759 622 946 696 iniquitatem
1001 640 1129 698 namquo
1143 627 1208 681 cotti
1221 627 1389 698 superbiam
1417 626 1552 702 designat
1572 634 1743 689 eurumdem
1759 650 1824 708 pec·

124 722 200 774 recta
214 715 320 773 dicitur
338 738 345 779 ς
360 728 433 785 gens
449 719 545 769 cutem
558 714 629 782 beo,
643 715 671 768 in
688 728 747 784 qua
763 713 840 769 Deus
859 717 946 769 notus
1000 718 1142 785 centium,
1171 721 1201 772 et
1216 716 1246 772 iu
1263 717 1388 788 peccatis
1415 718 1477 774 suis
1492 721 1736 791 complacentium
1751 725 1819 785 sibi.

119 812 192 872 eret,
209 803 384 860 declinando
399 802 429 858 iu
445 802 650 871 idololatriam,
674 802 749 858 duae
765 800 874 858 hebere
888 802 946 858 ini·
999 805 1087 862 Porro
1111 807 1252 862 transitus
1267 807 1327 861 sive
1353 823 1504 878 ascensus,
1524 810 1561 865 de
1585 827 1643 884 quo
1659 813 1749 870 dicit:
1765 816 1821 886 Epo

121 898 250 968 quitates
265 893 406 949 veraciter
417 892 562 961 culpatur,
574 891 603 947 id
620 897 665 947 est
681 898 772 947 voum
785 907 886 947 rerum
904 907 946 947 re·
997 894 1116 954 manrici
1131 897 1192 953 sire
1206 898 1355 952 ascendam
1370 898 1516 968 Ephraim,
1533 904 1593 956 tem
1617 902 1714 959 tuturo
1728 921 1818 978 quem

119 985 255 1056 liquisse,
271 989 300 1038 et
315 997 366 1055 pro
382 979 432 1037 itte
448 980 491 1036 ret
507 987 611 1038 eontra
624 979 708 1037 iiiam
737 982 807 1037 deos
831 980 944 1038 alienos
998 985 1818 1066 praeteritotemporecertieeimumessetignissoansquod

118 1074 255 1132 suluisse.
273 1070 433 1144 Dupliciter
445 1086 573 1142 namque
588 1085 655 1126 rsus
670 1076 726 1138 eet,
751 1069 815 1143 qui,
832 1071 942 1126 bouum
997 1079 1091 1133 iacere
1107 1075 1243 1144 intendit,
1255 1075 1439 1133 vindictaest
1453 1079 1555 1135 eadem
1567 1096 1656 1152 qoam
1675 1082 1704 1138 in
1720 1083 1817 1140 Exodo

118 1165 225 1231 sciens,
241 1160 351 1217 malum
369 1160 468 1232 potiue
483 1159 575 1231 eligit,
600 1159 650 1215 ilio
673 1174 740 1215 vero
755 1158 941 1230 simpliciter,
994 1165 1121 1238 legimus
1132 1164 1331 1239 prescriptam
1344 1165 1391 1223 his
1402 1168 1498 1225 verbis
1515 1185 1523 1225 t
1539 1171 1817 1240 Poputasduroecer·

8 1262 13 1269 ·
118 1251 293 1323 quibonum
311 1246 942 1320 nesciens,ma1urnproboaosusoipitdts·
995 1252 1659 1328 oana‚um01030mripmp.mpd50guidi
1685 1261 1818 1322 mbos,

116 1354 172 1412 que
187 1343 216 1395 θῐ
228 1342 342 1408 ῆῦῑΰᾶθ
358 1337 481 1393 vitulum
498 1352 590 1393 ”⁰⁰⁸¹
616 1335 741 1408 P0P⁰¹⁰⁸
757 1334 806 1392 5¹¹⁸
829 1337 896 1392 Ῐθθὶῑ
910 1336 942 1394 ῑῦ
994 1344 1092 1414 (duod.
1108 1346 1219 1418 xxxin).
1234 1349 1290 1402 Neo
1314 1362 1388 1402 vene
1402 1346 1454 1403 iila
1485 1352 1678 1408 commmatio
1692 1353 1815 1409 exstitit.

118 1430 232 1486 deserto
247 1437 277 1485 et
291 1426 391 1495 coluit,
408 1433 474 1500 post
485 1427 578 1482 multe
592 1443 655 1499 que
671 1425 780 1482 viderat
793 1425 941 1500 magnatis
994 1434 1090 1495 ,efflet
1104 1436 1183 1494 wrm
1203 1435 1344 1501 menda,
1360 1436 1816 1509 30ffi01h0m0n52umfflme1

115 1535 175 1576 νθῐῑ
190 1519 252 1586 Det,
268 1524 297 1575 θῑ
312 1518 430 1590 (1118ῦᾶ0
445 1518 582 1572 deflerent
593 1516 715 1574 dmum
728 1516 817 1573 Divid
829 1527 856 1573 et
868 1525 939 1573 ¹0¹⁰·
993 1541 1111 1598 passus,
1127 1530 1261 1583 mortuus
1275 1530 1319 1581 ost
1333 1530 1363 1581 et
1378 1528 1549 1595 resurrexit,
1565 1533 1594 1583 et
1610 1529 1638 1583 in
1654 1528 1758 1586 coelum
1770 1547 1816 1588 ce-

11 1650 32 1657 ..
116 1609 197 1681 ptum
215 1608 339 1676 Domini,
355 1607 431 1663 daos
441 1605 547 1662 vitulos
558 1606 615 1662 sibi
630 1607 745 1675 statuit,
756 1606 816 1663 imo
827 1612 856 1662 et
871 1622 941 1678 quu-
992 1613 1101 1682 cendit,
1116 1620 1146 1671 er
1157 1615 1353 1673 tammum
1365 1615 1448 1671 illum
1465 1619 1604 1690 poputum
1618 1619 1692 1677 dum
1702 1621 1814 1677 cervice

115 1697 170 1755 ties
182 1698 248 1755 iilos
264 1701 307 1753 vel
326 1696 391 1753 illos
407 1701 540 1768 gentium
555 1696 626 1752 deos
642 1698 783 1752 adoravit.
803 1695 938 1768 Amplius
955 1725 977 1793 B
993 1721 1133 1761 usnemun
1146 1704 1190 1761 sui
1207 1704 1296 1760 nimis
1312 1704 1512 1775 impatientem
1529 1707 1646 1765 delevit,
1668 1709 1749 1774 Quod
1767 1710 1814 1769 hio

114 1793 214 1845 &istim
233 1791 349 1860 q⁰⁸¹¹¹¹⁰
380 1786 540 1843 ssfflbbssffl
563 1785 620 1841 ὓῑῦῐ
645 1785 766 1853 dimitti,
790 1785 938 1842 Christum
991 1793 1173 1867 pulchritudo
1189 1795 1264 1858 cotti,
1280 1794 1335 1850 hoo
1348 1794 1455 1852 ibidem
1472 1796 1580 1853 dieitur
1600 1805 1733 1868 ornatus,
1745 1817 1811 1858 cum

115 1885 215 1936 ⁸⁰2⁸OE
222 1877 353 1950 0‘1105085
367 1876 477 1948 petiisti
489 1877 563 1932 ‘¹⁰⁸⁸
576 1874 747 1948 iminium
759 1875 937 1946 ῘθθῑῆᾱῑΙΡῙῑ·
990 1884 1133 1943 Dominus
1143 1884 1230 1940 dicit:
1241 1889 1307 1942 dom
1318 1900 1392 1940 nanc
1403 1885 1507 1954 depone
1522 1887 1573 1944 10
1582 1892 1711 1944 croatam
1722 1894 1811 1958 taum,

114 1968 334 2040 cite-peccavit,
344 1968 454 2023 bonum
466 1966 637 2037 reprobans,
648 1970 677 2021 et
689 1965 798 2022 matum
808 1964 936 2039 otigous;
989 1975 1019 2023 at
1033 1969 1120 2022 eciam
1133 1965 1199 2037 quid
1212 1968 1316 2037 iuriam
1328 1967 1380 2021 tibi
1393 1965 1497 2038 (ibid).
1515 1966 1718 2038 Deposuerunt
1744 1987 1812 2037 erae

114 2059 200 2115 dulce
215 2073 361 2119 amarum.
377 2062 404 2112 ot
418 2054 647 2111 amurumdutce
660 2070 786 2125 poneue;
800 2055 937 2111 tenebrae
989 2054 1042 2111 dlii
1059 2053 1146 2111 lsrael
1161 2059 1298 2109 ornatam
1315 2070 1401 2109 suum
1419 2071 1436 2110 a
1452 2062 1548 2112 monte
1568 2055 1653 2113 Oreb.
1675 2058 1812 2123 Quaudiu

113 2146 221 2213 luoem,
237 2153 265 2204 et
287 2144 382 2201 lucem
406 2145 543 2200 tenebrae
566 2142 728 2216 appellans.
756 2146 823 2198 Cum
846 2143 938 2216 igitur
988 2151 1123 2218 peccator
1138 2148 1258 2201 ornatus
1274 2144 1393 2211 incedit,
1409 2143 1437 2200 id
1450 2144 1534 2202 estin
1548 2147 1674 2218 peccatis
1691 2147 1813 2206 suissu·

113 2240 298 2310 corripientur
312 2244 421 2303 propter
434 2233 502 2292 duas
519 2232 680 2305 iniquitates
699 2248 772 2301 tuat,
788 2248 936 2306 conprepu·
988 2236 1093 2307 perbit,
1109 2232 1237 2305 quandiu
1256 2231 1406 2305 pulchram
1418 2237 1558 2290 cervicem
1570 2237 1665 2308 erigit,
1678 2237 1810 2311 compta·

114 2331 228 2395 buntur,
241 2325 293 2392 ait,
307 2341 391 2397 super
401 2323 554 2396 corpopati
578 2329 611 2378 ut
621 2321 754 2377 videlieet
763 2328 937 2396 propterea·
988 2324 1079 2380 condo
1095 2323 1163 2390 arbi,
1177 2322 1362 2378 iactabundus
1378 2324 1455 2394 quod
1473 2323 1548 2380 mate
1564 2325 1673 2392 iecerit,
1684 2333 1711 2383 et
1721 2327 1815 2383 eucrat-

115 2419 236 2478 ditiouia
251 2423 411 2481 cautorem,
427 2430 514 2489 quem
530 2414 586 2470 sibi
602 2413 766 2485 elegerunt.
783 2413 937 2468 tradantur
987 2414 1089 2470 taurin
1101 2409 1317 2481 redarpcrrimr's
1331 2411 1421 2484 (Prae.
1439 2412 1710 2485 11,)quodammodo
1722 2416 1814 2472 nescit

75 2494 77 2499 ¹
113 2511 143 2567 in
159 2524 266 2566 manus
280 2505 379 2579 giudii,
396 2510 424 2561 ot
439 2509 556 2575 propter
567 2502 621 2558 boo
634 2503 712 2575 quod
728 2501 936 2558 Christumus·
989 2508 1063 2559 Deus
1079 2500 1149 2576 quid
1163 2499 1312 2564 tacistitli,
1330 2499 1627 2559 neseitmieericordia
1638 2503 1719 2577 quali
1730 2504 1813 2562 aditu

114 2603 267 2674 paverunt,
285 2593 428 2667 vulpium,
445 2592 474 2649 id
495 2598 540 2648 eet
565 2589 758 2664 malignorum
775 2591 935 2663 spirituum
988 2591 1023 2649 ad
1041 2592 1124 2648 iilum
1140 2593 1238 2646 veniat
1253 2594 1365 2644 remota
1377 2589 1529 2645 severitate
1541 2590 1659 2660 iudicii,
1672 2599 1762 2665 atque
1774 2593 1816 2651 id·

116 2693 214 2763 pcrtes
229 2688 300 2743 sint.
315 2685 452 2757 Sequitur
468 2699 475 2738 :
491 2681 623 2753 prnrim
634 2682 721 2738 vitatu
733 2680 937 2753 doctaditipera
987 2681 1066 2739 circe
1081 2697 1148 2737 cum
1167 2679 1290 2736 dixisset
1302 2679 1476 2735 senteutiam
1489 2679 1674 2750 iudicialem,
1692 2682 1814 2754 papatus

115 2780 262 2844 trituram,
275 2778 362 2844 etcoo
377 2772 496 2830 transivi
508 2786 593 2842 cuper
607 2770 847 2843 patobritadmcm
865 2769 937 2829 cotti
987 2771 1068 2830 durae
1081 2771 1197 2827 ceruicis
1211 2784 1249 2835 er,
1263 2766 1355 2825 semol
1375 2767 1532 2826 ascendam
1550 2768 1578 2824 in
1601 2771 1696 2828 medio
1721 2770 1763 2826 tui
1785 2777 1815 2828 et

117 2868 186 2940 ciue.
204 2863 359 2922 Ascordum
381 2878 465 2932 cuper
490 2862 632 2933 Ephraim,
653 2862 745 2917 ararit
758 2860 855 2926 iudae,
869 2876 936 2918 coa·
988 2861 1091 2919 delebo
1107 2864 1146 2929 te,
1164 2858 1297 2930 protinus
1319 2858 1476 2915 consilium
1501 2858 1637 2926 atterens,
1648 2861 1709 2933 jam
1723 2877 1812 2933 cunc,

114 2960 219 3031 trinpet
240 2954 297 3013 ridi
310 2956 399 3010 auteur
413 2953 503 3009 tarot.
518 2952 673 3019 Querebas
694 2954 767 3007 torte
782 2951 935 3008 admirans
988 2952 1039 3022 ait,
1056 2952 1161 3021 depone
1172 2952 1302 3007 ornatum
1313 2957 1402 3011 taum,
1414 2948 1540 3004 utrciam
1550 2950 1617 3022 qaid
1626 2950 1730 3022 tarium
1742 2951 1808 3020 rior,

111 3064 174 3122 que
190 3062 281 3103 cause
293 3042 337 3101 uei
352 3042 428 3115 quod
446 3040 595 3096 vincutum
612 3045 669 3095 tsnr
696 3040 769 3095 torte
791 3039 933 3112 poputum
989 3043 1017 3100 id
1033 3053 1074 3101 eet
1093 3040 1251 3099 humiliare
1267 3039 1444 3112 poenitendo,
1459 3045 1491 3096 ut
1505 3040 1646 3096 miserear
1654 3039 1707 3096 tui.
1719 3040 1811 3113 igitur

110 3137 193 3193 itiam
207 3129 817 3202 idolotatriasubligatumtendiutenuerit
831 3129 932 3186 exdie·
949 3092 970 3167 c
989 3134 1067 3206 quod
1084 3132 1132 3188 bio
1143 3130 1192 3193 ait.
1202 3134 1228 3186 et
1242 3146 1293 3203 epo
1308 3128 1418 3186 uecordi
1428 3129 1736 3200 sire'arceudumruper
1744 3137 1810 3203 put·

108 3225 165 3282 bus
180 3224 288 3288 Gabar,
304 3221 409 3277 imoex
424 3219 526 3276 diebus
544 3217 669 3291 AEgypti,
694 3218 772 3273 siout
794 3217 932 3289 superius
985 3220 1169 3281 cteritudr'rrem
1184 3219 1333 3289 cottiejar.
1346 3218 1746 3292 videlieetuituiaediligentie
1758 3223 1812 3276 tri·

8 3362 12 3367 ,
108 3316 159 3381 ait,
169 3317 224 3370 iero
237 3313 641 3370 catsannauoeorummrerra
656 3309 775 3380 AEaypti
790 3308 930 3379 toreca).
985 3318 1094 3380 turum,
1109 3311 1138 3366 id
1154 3317 1198 3367 est
1214 3308 1312 3382 popuii
1330 3309 1418 3366 toties
1432 3315 1550 3382 temque
1566 3310 1751 3382 pertinaciter
1763 3327 1808 3367 pe.

107 3405 196 3472 Quesi
212 3405 288 3458 istud
306 3416 462 3473 quereres,
479 3413 598 3454 causam
614 3413 711 3452 veram
738 3397 826 3452 babiti
843 3403 930 3467 atque
985 3400 1173 3459 currentiscd
1184 3398 1472 3466 idololatriam,iliam
1485 3399 1809 3472 designetirsm,quarn

8 3546 11 3553 ,
105 3486 929 3565 elegantisimilitudineooaveuienteruxprinitdipitroim,
984 3497 1056 3548 tunc
1071 3492 1147 3546 idem
1166 3487 1290 3562 populus
1302 3488 1376 3543 bibit
1390 3504 1482 3559 usque
1495 3491 1530 3544 ad
1548 3489 1670 3544 iandum
1693 3490 1807 3558 coticis,

105 3584 215 3657 inquit,
230 3582 318 3638 uitato
338 3581 416 3637 docta
430 3578 548 3651 diiipere
567 3580 713 3634 trituram.
743 3577 930 3635 Consuetudo
984 3582 1102 3656 quando
1118 3580 1195 3636 Deus
1211 3578 1298 3634 borno
1312 3578 1405 3634 iaetus
1424 3579 1452 3633 iu
1472 3578 1567 3633 medio
1587 3579 1807 3650 ejusaeceudit.

105 3673 153 3729 hic
170 3682 252 3729 terre
274 3669 479 3743 promissionis
505 3667 647 3740 tangitur,
674 3667 723 3723 ubi
747 3667 844 3723 vitute
860 3683 927 3723 aum
984 3665 1809 3739 uctuncenimconfractcestputcbritudoeervicis,oute

104 3760 401 3819 caterisacimalibus
413 3761 843 3832 irugeeterereconsueverunt.
854 3756 927 3813 Cum
982 3760 1138 3818 cecideruut
1152 3761 1182 3814 in
1198 3773 1245 3814 ore
1262 3754 1365 3827 plectit,
1385 3765 1411 3812 et
1433 3759 1462 3811 iu
1482 3771 1575 3813 omues
1594 3762 1686 3830 pentec
1703 3759 1808 3828 captiui

103 3858 201 3908 cutem
216 3850 393 3924 gravissimo
411 3849 506 3904 labore
520 3847 690 3918 fatigantur,
701 3845 798 3902 solent
811 3847 927 3918 prodire
981 3850 1059 3907 dacri
1071 3853 1137 3906 aaut
1151 3850 1225 3918 (tac.
1238 3850 1294 3916 xxi)
1309 3851 1474 3916 peccatores
1484 3847 1613 3915 superbi.
1627 3851 1715 3902 Porro
1726 3848 1805 3904 idem

16 3950 21 3955 '
102 3941 140 3997 ab
155 3957 232 3997 area.
250 3941 357 3998 lterum
374 3943 471 3993 tutem
486 3935 642 4006 diltgeutess
657 3950 766 3999 aream,
793 3949 827 3991 0⁰
847 3936 923 4006 quod
981 3955 1132 4001 ascensus,
1145 3936 1257 3993 sioutiu
1270 3935 1585 4007 ruinamsupsrboruru
1600 3935 1808 4009 blaspbeman-

103 4034 203 4102 trugee
217 4030 248 4084 in
264 4044 297 4084 ea
311 4032 474 4090 comedant,
491 4021 569 4080 unde
584 4029 630 4078 tsi
640 4022 710 4078 illud
725 4039 732 4078 :
746 4023 814 4079 Non
828 4023 927 4096 attiae·
980 4028 1113 4091 ricmiri
1127 4034 1157 4083 et
1168 4026 1195 4081 in
1209 4027 1451 4082 resurrectionem
1464 4026 1633 4095 posituseet
1643 4025 1804 4083 humiiium

103 4119 146 4175 dir
162 4134 191 4173 ut
206 4119 267 4175 bovi
280 4115 432 4172 trituranti
446 4115 468 4183 il
484 4113 544 4168 Cor·
570 4112 620 4184 ¹³).
645 4117 750 4183 sponte
774 4114 810 4167 sd
825 4129 924 4170 aream
979 4112 1720 4188 credentiumatqueoonssteutium.Sequiturergo:
1732 4117 1804 4172 dro-

101 4210 235 4265 redeuat.
252 4206 344 4275 tpitur
359 4205 497 4277 Ephraim
514 4201 620 4258 siurim
642 4208 687 4257 ost
708 4218 800 4258 vacue
816 4203 923 4272 ritate,
978 4207 1125 4273 dittudar,
1137 4203 1351 4278 consriapitribi
1362 4203 1450 4259 calcor
1466 4203 1557 4260 tarot.
1576 4204 1646 4261 Ecce
1666 4206 1803 4264 videmus

100 4297 170 4371 quia
185 4295 289 4354 didicit
303 4310 400 4351 aream
422 4300 527 4348 terere.
565 4293 599 4346 Et
620 4307 679 4346 uon
698 4291 794 4347 solum
809 4291 923 4364 didicit,
977 4306 1006 4358 et
1031 4299 1110 4356 orbis
1138 4298 1293 4353 universus
1320 4293 1400 4351 novit
1429 4296 1498 4366 quia
1534 4295 1661 4351 contrita
1689 4300 1804 4357 terrico

99 4387 303 4444 verumetiam
326 4402 343 4440 a
372 4382 463 4440 nimia
486 4381 698 4438 consuetudine
722 4381 921 4453 capitamare
977 4381 1802 4460 Ephraimararittudus,etiacobsutroseibicontrouit,

100 4481 176 4552 quod
193 4484 279 4534 docta
293 4481 348 4536 est.
366 4474 433 4530 licet
448 4472 594 4529 trituratio
609 4471 737 4527 laborem
753 4472 920 4530 interatSiu
940 4464 962 4531 ὓ
977 4478 1047 4549 quia
1061 4473 1230 4545 disperditis
1246 4468 1406 4526 incredulis
1424 4470 1545 4535 tudaeie,
1557 4471 1606 4543 qui
1620 4477 1804 4543 negaverunt

98 4575 127 4624 et
142 4567 268 4641 populus
281 4563 471 4625 Israeliticue,
483 4562 551 4619 licet
562 4560 921 4634 trequenterattligeretur,
978 4566 1069 4621 ssiium
1087 4561 1186 4623 david,
1198 4561 1276 4617 sicut
1286 4559 1355 4615 olim
1366 4567 1527 4616 recesserat
1537 4560 1672 4632 Ephraim
1687 4563 1802 4621 adamo

97 4666 125 4714 ot
141 4657 233 4712 irruite
247 4656 369 4710 aduersa
383 4659 530 4725 pateretur
544 4649 921 4723 propteridoiotarrram,ta·
976 4652 1077 4723 David,
1093 4649 1267 4722 evangelice
1279 4649 1496 4721 predicationis
1507 4666 1607 4706 vomer
1627 4652 1716 4707 corda
1726 4669 1801 4724 gen-

98 4764 166 4804 mea
184 4744 347 4802 voluntates
359 4759 439 4808 suae,
451 4748 480 4797 et
495 4740 653 4813 ingluviem
667 4740 922 4811 ventrissequide·
975 4742 1049 4798 tium
1067 4739 1203 4803 exaravit,
1219 4743 1248 4794 et
1261 4736 1363 4801 Jacob,
1376 4737 1404 4792 id
1417 4743 1461 4794 est
1472 4740 1688 4811 supplantator,
1700 4740 1804 4797 videli-

97 4839 242 4905 srdoraas,
260 4833 336 4890 ultre
351 4833 386 4886 ad
411 4830 489 4887 idola
505 4830 711 4887 revertebatur.
736 4827 851 4885 Poterat
865 4827 920 4886 hue
974 4837 1020 4889 cet
1030 4829 1149 4904 gentilis
1160 4828 1287 4900 populus
1298 4825 1397 4883 sulcos
1408 4827 1464 4884 eibi
1476 4828 1629 4902 confregit,
1641 4829 1801 4899 agricultu-

95 4927 194 4999 ipeum
215 4924 269 4982 alia
280 4937 455 4996 quacunque
469 4918 663 4977 similitudine
675 4934 762 4990 quem
775 4934 825 4990 por
837 4920 918 4989 eius·
973 4939 1035 4981 ram
1050 4934 1187 4977 exercens
1201 4918 1236 4973 ad
1252 4916 1460 4974 seminandum
1477 4917 1520 4975 vel
1535 4919 1733 4991 recipiendum
1753 4937 1798 4978 se·

96 5014 176 5073 modi
192 5013 314 5070 vitutem
332 5009 490 5085 designari,
505 5008 554 5066 ead
568 5007 641 5064 mira
653 5007 829 5080 proprietate
845 5024 918 5064 usus
973 5027 1040 5069 men
1068 5008 1190 5066 verbum
1218 5005 1280 5063 Dei.
1309 5005 1402 5063 Judas
1423 5006 1525 5073 arcuit,
1556 5007 1796 5080 quandoquidem

12 5172 15 5179 .
94 5095 742 5174 estiatuitusspiritueprophetici,dumtalem
757 5113 917 5171 proponere
970 5098 1081 5157 iudeis
1095 5104 1178 5152 eraut
1190 5092 1313 5168 apostoli
1325 5094 1489 5150 secundum
1501 5093 1556 5152 hoc
1567 5095 1664 5168 ipsum
1678 5112 1796 5167 nomen,

94 5193 319 5252 sirniiitudinem
344 5189 458 5245 metuit.
482 5186 557 5242 Nem
581 5182 651 5257 quis
673 5183 781 5242 vitulos
804 5188 918 5248 colebat
970 5189 1048 5263 quod
1064 5192 1109 5244 est
1121 5185 1226 5252 iudae,
1242 5185 1271 5241 id
1287 5184 1500 5249 eetcontessio‚
1516 5184 1603 5257 primi
1620 5184 1796 5243 confitentes

94 5283 233 5356 Ephraim
247 5282 306 5337 eive
322 5279 410 5334 israel
426 5276 539 5333 scissus
561 5277 677 5330 adoaia
694 5272 795 5343 David,
814 5276 872 5333 iuro
886 5285 916 5335 et
968 5278 1119 5337 Christum
1137 5273 1241 5330 Fitium
1260 5273 1309 5329 Dei
1322 5273 1379 5327 rivi
1395 5271 1533 5344 gentibus
1550 5274 1794 5347 predicaverunt.

93 5374 186 5432 uoluit
200 5379 236 5426 ab
261 5373 343 5426 iuitiu
365 5367 500 5434 uitulum,
528 5364 643 5435 quando
667 5378 805 5434 egressus
819 5377 862 5423 eet
878 5368 914 5424 de
968 5367 1040 5440 lpse
1051 5372 1146 5419 autera
1158 5366 1260 5435 gentes
1270 5359 1560 5427 tacoooueccesunt,
1574 5363 1641 5433 quia
1652 5365 1795 5435 supplen-

91 5474 169 5524 terru
183 5459 308 5536 AEgypti
326 5455 445 5528 pulchre
459 5454 547 5511 aruris
561 5455 745 5525 eademgeus
761 5455 808 5512 bio
825 5456 913 5516 ritule
967 5459 1105 5514 taverunt
1121 5453 1207 5519 Esau,
1223 5450 1294 5509 dum
1310 5449 1505 5523 primogenita
1525 5450 1630 5509 salutis
1645 5452 1788 5523 tulerunt,

92 5556 304 5623 dictamnum
316 5547 462 5622 arguitur,
472 5544 551 5618 quod
566 5560 661 5604 suero
676 5544 912 5609 beatoruiouudo
967 5562 1034 5623 que
1049 5545 1164 5604 tuerent
1177 5543 1358 5602 iudeorum.
1371 5538 1490 5600 Arcada
1504 5540 1580 5599 sulci
1608 5542 1694 5612 fluat,
1718 5559 1790 5603 ecn-
