3826 6014
160 213 221 276 487
711 204 884 269 BUPEBTI
905 198 1072 264 nuuavls
1092 199 1316 266 vulterensis
1805 212 1866 277 488

161 347 205 404 lun
220 365 248 405 ea
262 351 290 405 in
307 347 431 404 anillitus
442 345 571 412 dudeco
583 347 610 400 te
620 342 692 399 miti
705 340 871 414 cernuntur,
886 337 934 410 qui
945 336 982 391 ait
999 337 1094 404 μοι,
1121 333 1228 391 ideirco
1255 335 1335 392 dedit
1354 353 1403 395 eos
1419 337 1496 396 idem
1508 339 1612 412 judex,
1635 327 1814 402 subauditur
1833 365 1865 405 tn

162 435 325 501 dominator
338 439 369 492 in
379 435 478 502 Innuet
492 439 520 489 et
532 448 654 505 epreavaa
664 429 766 504 quael
776 424 986 485 initicodielrue
1038 439 1138 480 monus
1164 424 1267 497 pledii,
1283 431 1312 483 et
1327 426 1355 482 iu
1370 429 1567 501 captivitatem
1579 432 1610 488 in
1625 449 1726 492 omnes
1750 441 1865 511 gentes,

161 530 337 590 aeternitatis.
346 525 420 593 Quid
431 524 511 580 enim
522 528 568 579 eet
580 522 658 594 quod
667 525 696 577 et
707 518 864 590 epredietur
876 520 955 585 ente,
969 530 985 570 o
1036 516 1063 568 et
1078 513 1211 585 inportet
1225 513 1444 590 vulpiumffaol.
1462 524 1540 592 exart,
1556 521 1639 579 idest
1653 523 1865 599 malignorum,

52 655 53 659 ,
160 618 321 680 Bethleem,
347 622 374 671 et
390 612 585 669 nihilominus
605 625 727 682 eereeaua
747 609 808 679 ejus
823 606 857 662 uh
872 605 985 661 inittcc
1037 601 1206 673 spirituum.
1219 607 1378 676 Usquequo
1394 606 1437 662 eie
1452 607 1533 664 dabit
1546 611 1621 667 eost
1637 614 1724 684 ltaque
1740 615 1776 670 ud
1789 620 1860 671 tem-

103 700 105 705 ·
159 707 255 764 nuova
268 704 446 769 enervante,
458 701 514 758 nisi
525 700 670 773 quincue
685 703 755 755 sunt
766 699 830 768 ejus
841 693 983 768 egressio·
1036 705 1099 759 nna
1117 689 1224 764 inquit,
1241 693 1272 749 a
1286 710 1339 766 qvo
1351 696 1511 766 parturiens
1525 701 1627 770 veriet·
1638 702 1803 761 verterem
1819 706 1863 762 di·

158 813 220 867 enes,
231 796 314 851 idest
324 792 491 849 nativitates
503 787 782 846 :alterasecundum
794 797 985 854 carnemque
1035 778 1121 848 citur,
1138 795 1194 837 nou
1210 780 1266 838 ista
1277 782 1337 840 fllia
1350 783 1484 853 latronis,
1500 786 1587 844 idest
1600 796 1714 848 terrene
1730 792 1863 851 llierusa·

159 884 324 960 egredietur
338 899 373 939 ex
386 887 425 948 te,
442 897 458 936 o
474 879 673 943 Bethleem,e1
686 875 799 932 semiue
809 872 899 929 David
917 888 924 940 ;
940 870 984 927 el·
1034 865 1176 941 lemque
1189 870 1426 942 ueoaurllisese,
1437 876 1486 931 sed
1496 875 1863 951 illespiritualieHierusu·

159 979 222 1032 tera
237 972 400 1030 secundum
416 969 612 1037 divinitatem,
634 982 692 1039 que
719 980 778 1020 non
806 961 982 1035 egredietur,
1035 954 1091 1011 lem
1108 955 1169 1014 aive
1195 957 1276 1026 Sion,
1306 962 1353 1017 eui
1369 979 1459 1036 supra
1484 965 1614 1024 dixerat:
1632 970 1697 1026 Dole
1712 979 1742 1027 et
1756 977 1863 1044 soraee,

160 1064 210 1122 sed
226 1077 350 1136 epreaaua
376 1059 446 1130 ejus,
474 1057 580 1130 inquit,
592 1055 770 1128 jamdudum
785 1054 905 1108 exectus
928 1055 982 1118 est,
1034 1044 1099 1116 filiu
1122 1046 1188 1105 Sion
1209 1049 1290 1122 quoti
1313 1053 1484 1124 parturiens.
1501 1054 1554 1112 llla
1570 1067 1801 1131 nemquemater
1816 1082 1865 1137 pn-

161 1170 219 1211 nou
249 1169 283 1208 ex
316 1150 437 1219 mundo,
471 1148 523 1205 aad
551 1146 584 1202 ot
613 1144 706 1213 initio,
737 1158 794 1198 uon
821 1140 852 1195 iu
879 1138 983 1195 diebus
1035 1134 1859 1226 vict,subauditurludeorum,eivelaraelisreliquiue‚

157 1238 392 1313 temporalitatis,
435 1237 518 1293 aedo
566 1231 981 1299 decemnovennalem,
1030 1222 1225 1296 juxtaillud:
1245 1228 1655 1306 Sisueritnumeruafitiorum
1671 1240 1765 1310 lsrael,
1782 1244 1866 1312 queat

54 1341 57 1348 ν
158 1332 236 1389 m
251 1331 282 1386 ee
296 1329 510 1399 primipicerot
527 1324 651 1390 Verbum,
665 1326 691 1379 et
705 1321 826 1377 Verbum
840 1316 983 1389 erotopud
1033 1329 1120 1370 crena
1140 1316 1239 1385 morte,
1268 1318 1399 1392 reliquie
1425 1328 1621 1382 convertentur
1634 1343 1670 1383 ee
1683 1330 1722 1384 eia
1737 1331 1801 1400 (lau.
1819 1334 1862 1400 x).

159 1423 253 1492 Deam,
272 1428 298 1474 et
327 1419 397 1474 Beue
425 1422 485 1472 erut
516 1415 641 1481 Verbum,
658 1404 982 1480 toeerotinprinetpio
1033 1401 1863 1491 Namhoceat,quodhiepvutiuueeubjuugit:Beliqniae

156 1510 231 1583 apud
258 1511 342 1566 Deum
364 1497 980 1578 (mn.13⁸135turetpeum0eh0minem
1032 1492 1157 1562 fratrum
1180 1496 1238 1567 ejus
1263 1508 1459 1556 convertentur
1487 1503 1523 1559 cd
1551 1504 1624 1573 tilios
1649 1507 1744 1564 lervel.
1771 1508 1862 1581 Cujus

156 1605 283 1658 testatur
297 1598 346 1656 hic
358 1613 423 1654 ease
433 1595 517 1651 illum
530 1593 661 1666 judicem
672 1591 775 1659 lsrael,
787 1590 837 1647 sed
848 1584 981 1644 hccteli-
1034 1581 1122 1653 01⁰8?
1146 1582 1293 1641 Nimirum
1309 1587 1405 1660 litim
1422 1590 1536 1662 indissit
1556 1593 1655 1662 ῙΒΝΘῙ,
1671 1598 1741 1668 (luit
1756 1597 1861 1656 sitires

155 1696 199 1746 m
212 1687 298 1756 edici,
311 1684 438 1757 „Uulgo
449 1682 673 1754 intelligeretur,
685 1685 756 1736 tune
770 1677 912 1748 temporis
922 1692 979 1732 uon
1033 1670 1097 1740 ejvs
1108 1674 1272 1730 secundum
1288 1692 1406 1734 carnem
1422 1679 1479 1750 ipei
1489 1680 1580 1738 ludaei
1597 1688 1677 1754 eunt,
1694 1684 1745 1757 qui
1757 1686 1861 1744 maxil-

73 1831 77 1841 ,
154 1772 581 1850 expediebatQuomodoenim
594 1770 696 1825 audire
708 1769 890 1841 paterentur,
902 1763 978 1835 quod
1033 1758 1092 1814 lem
1107 1762 1172 1829 eius
1188 1771 1405 1834 percusserunt.
1420 1768 1616 1842 Tempuequo
1628 1771 1706 1829 istud
1724 1774 1775 1831 flat
1790 1781 1861 1834 tuno

153 1867 205 1938 qui
221 1866 300 1922 Beue
328 1862 417 1921 lsrael
433 1860 599 1919 erethomo
615 1859 788 1926 intereant
812 1855 843 1911 iu
862 1852 981 1911 maxilla
1033 1848 1097 1917 erit,
1113 1865 1180 1905 oum
1197 1852 1346 1924 plenitudo
1366 1857 1500 1929 gentium
1516 1859 1678 1918 intraverit.
1700 1864 1859 1936 Sequitur:

156 1954 366 2028 percutiendus
391 1950 492 2008 enecti
505 1950 594 2006 Caute
609 1964 677 2020 ergo
696 1951 725 2004 et
740 1946 898 2018 prudenter
913 1958 980 2016 pro·
1033 1938 1071 1993 Et
1082 1939 1167 1995 studit
1179 1946 1205 1997 et
1224 1952 1316 2025 poscet
1330 1944 1361 2000 in
1375 1948 1539 2017 fortitudine
1552 1950 1674 2018 Domini,
1690 1954 1719 2007 tn
1735 1954 1861 2011 autlimi-

151 2044 395 2116 phetiovvasermo
409 2039 693 2114 dispensatur‚dum
707 2033 981 2093 aiecietilleelatro·
1033 2031 1219 2088 nannenten
1230 2032 1342 2091 Domini
1359 2036 1409 2093 Bet
1431 2037 1487 2109 aui,
1512 2048 1540 2096 et
1564 2048 1763 2112 convertentur,
1793 2048 1860 2119 quio

152 2135 211 2204 nis,
222 2133 270 2190 cui
290 2131 468 2204 loquebatur
480 2129 591 2197 dieene,
608 2142 683 2183 nune
695 2123 850 2183 vastaberis
862 2122 924 2194 filio
940 2125 979 2178 tu·
1032 2142 1106 2182 nune
1129 2131 1356 2200 mcpnificutitnr
1370 2151 1456 2208 unque
1470 2136 1506 2192 ud
1520 2140 1654 2196 terminos
1669 2141 1743 2197 ortis
1763 2146 1855 2204 terre.

151 2224 251 2289 tronis,
265 2224 332 2286 etc,
349 2215 663 2290 eaeorepeuteevertit‚
675 2220 704 2270 et
719 2214 755 2270 ed
771 2212 872 2282 aliam,
886 2212 915 2268 id
935 2216 980 2268 eet
1032 2214 1127 2272 ludex
1139 2219 1238 2285 lsrael,
1250 2219 1398 2294 sicutjem
1409 2226 1520 2282 dietum
1532 2232 1586 2296 est,
1603 2232 1769 2302 propterhoc
1779 2233 1859 2290 dubit

152 2318 299 2377 Bethleem
313 2315 540 2380 eeeeconvertit,
554 2313 687 2372 eteidem
699 2313 742 2370 sic
753 2311 895 2383 loquitur,
909 2318 941 2367 nt
951 2314 980 2367 et
1031 2320 1086 2376 ece,
1097 2306 1167 2378 quia
1187 2316 1396 2381 percusserunt
1412 2313 1561 2371 maxillam
1577 2318 1652 2389 ejus,
1672 2324 1701 2375 et
1715 2318 1778 2392 ipse
1790 2338 1856 2377 sur·

154 2409 307 2466 veritatem
324 2405 477 2478 utriusque
493 2409 615 2471 nutum,
629 2402 741 2459 30515002
752 2401 855 2458 divin&
880 2404 909 2456 ee
923 2401 979 2456 hu.
1032 2409 1104 2468 gens
1120 2397 1272 2455 amortuis
1283 2400 1383 2469 atehit,
1396 2403 1576 2460 subauditur
1589 2406 1785 2465 adextrisliei
1800 2411 1856 2467 lor·

154 2514 248 2554 manre
260 2497 290 2552 in
302 2493 648 2563 Christoteatidcetur,et
657 2488 980 2548 eamdemtestitieatio-
1032 2483 1071 2540 tis
1091 2489 1120 2541 et
1134 2485 1285 2556 sublimis,
1297 2489 1385 2560 iuxta
1395 2493 1473 2562 qu⁰d
1485 2493 1513 2548 in
1526 2496 1854 2570 Actibutupoetolorum

152 2603 218 2645 nem
231 2586 342 2642 tavihne
352 2584 448 2640 verbis
458 2582 601 2648 enuntiat,
609 2585 641 2637 ut
650 2597 708 2637 non
719 2581 755 2637 ab
768 2578 826 2636 illis
838 2577 978 2651 quieurdi
1032 2575 1174 2646 scripturn
1196 2581 1259 2633 est:
1287 2578 1353 2634 Cum
1377 2584 1469 2637 nutem
1484 2591 1552 2640 earet
1580 2585 1733 2658 Stephanus
1760 2590 1857 2661 plenus

152 2674 378 2741 suutvelerent,
387 2677 415 2730 et
426 2688 511 2729 eures
523 2670 664 2727 audiendi
672 2686 730 2726 non
739 2668 897 2734 habehant,
909 2673 979 2725 tuno
1032 2663 1142 2735 Sl’t'tiit
1155 2668 1408 2726 sonetointendena
1422 2672 1452 2727 θ’
1467 2673 1574 2743 calum,
1585 2675 1654 2731 vidit
1664 2678 1787 2746 thtt'tm
1799 2679 1854 2743 Μ»

152 2764 294 2838 temporis
310 2762 396 2821 facile
406 2761 612 2836 perciperetur.
625 2759 706 2827 Quod
723 2762 820 2814 autem
831 2756 978 2813 Bethleem
1031 2751 1163 2808 tiletum
1189 2756 1308 2811 tittttm
1322 2773 1339 2812 a
1354 2756 1458 2814 ‘stultit
1475 2760 1534 2828 ⁰0²2
1558 2770 1583 2818 tt
1602 2765 1662 2821 uit:
1692 2765 1759 2821 30⁶0
1779 2767 1855 2823 videt

153 2855 325 2929 etltphrata
349 2854 437 2910 unius
451 2853 645 2925 ejusdemque
661 2849 786 2906 civitatis
801 2848 901 2914 David,
918 2848 980 2904 eive
1032 2840 1245 2915 calcamenes,
1270 2848 1295 2902 et
1324 2846 1416 2916 filium
1445 2848 1856 2912 leominievtuntemudentria

155 2945 266 3002 castelli
283 2942 334 3000 ubi
349 2946 411 2998 eret
424 2940 526 3008 David,
546 2937 687 2996 voeabula
702 2938 772 3007 sint,
789 2936 930 2993 habemus
946 2953 980 2992 ex
1031 2930 1144 2987 virtutis
1160 2931 1208 2988 liei
1226 2932 1293 3003 (Aet.
1308 2935 1368 3007 vu).
1387 2935 1475 2993 saecu
1500 2955 1580 3012 ergo,
1611 2941 1639 2996 id
1666 2947 1711 2999 eet
1726 2960 1777 3015 pro
1794 2944 1856 3001 suis

156 3032 310 3106 scriptum
345 3030 478 3087 dicento:
495 3030 601 3086 norma
623 3030 662 3083 Μ
676 3042 740 3098 m„
754 3026 874 3094 pacem
895 3034 920 3082 ge
933 3041 975 3081 52.
1033 3019 1224 3077 morientibus
1244 3024 1388 3094 pugnabit
1408 3026 1472 3099 ipse
1485 3027 1578 3085 vietor
1593 3032 1707 3102 mortis,
1723 3042 1748 3089 et
1762 3036 1856 3106 poscet

154 3122 234 3194 pulta
249 3123 280 3177 in
294 3121 350 3188 uio,
367 3133 430 3191 quae
443 3117 518 3173 ducit
531 3117 693 3190 Epiroten,
710 3115 769 3174 haeo
782 3124 823 3172 eat
838 3113 977 3170 Bethleem
1030 3108 1207 3164 subauditur
1222 3110 1362 3184 populum
1377 3130 1475 3180 suum,
1492 3122 1592 3189 utpote
1603 3118 1684 3176 dives
1699 3125 1728 3177 et
1744 3139 1853 3194 prepo-

152 3210 231 3282 (den.
263 3207 358 3278 xxxv).
390 3206 478 3262 Porro
502 3221 570 3262 cum
599 3204 688 3261 dicit:
704 3207 736 3260 Bt
755 3209 797 3275 tu,
826 3203 975 3272 Bethleem,
1029 3200 1153 3254 tenerer
1171 3200 1200 3255 in
1216 3202 1514 3272 fortitudineliomini.
1531 3209 1559 3263 in
1576 3209 1853 3270 svhttmiveveemt-

148 3300 280 3370 teporata,
288 3296 407 3369 parvulo
422 3310 451 3351 ea
460 3296 493 3351 in
501 3293 627 3350 millibus
639 3293 721 3360 ludo,
735 3292 972 3350 subaudiendum
1027 3287 1071 3342 nia
1087 3286 1331 3358 nominemini,
1348 3291 1376 3347 id
1392 3300 1446 3364 est,
1463 3295 1539 3351 sicut
1551 3297 1633 3353 tortia
1649 3299 1725 3357 Deus
1741 3301 1853 3359 hebens

43 3385 46 3395 “
148 3391 193 3443 eat
207 3385 286 3458 apud
301 3383 448 3450 homines.
460 3399 586 3456 quorum
596 3383 626 3438 in
641 3381 735 3439 oeulis
749 3381 798 3437 vix
813 3396 920 3454 pervus
931 3379 974 3435 vi·
1028 3389 1280 3456 unmenauhlime‚
1290 3391 1407 3463 quodeat
1421 3410 1504 3465 nuper
1514 3411 1593 3454 omne
1603 3414 1701 3455 nomen
1716 3401 1851 3472 (Pleipliv.

151 3473 236 3532 culus
249 3491 291 3545 es,
308 3473 358 3546 qui
370 3473 582 3530 uonroeleetem
597 3472 648 3528 sed
664 3474 811 3527 terrenam
826 3469 974 3541 quantita·
1026 3478 1068 3548 n),
1083 3475 1219 3534 videlicet
1234 3479 1322 3550 quala
1338 3497 1443 3538 nomen
1456 3483 1543 3541 hehet
1559 3486 1653 3558 Pater,
1669 3488 1719 3560 qui
1735 3498 1853 3562 propter

157 3562 437 3632 amattendunt‚sed
451 3559 665 3635 proiectospud
679 3563 768 3615 Deum
783 3558 975 3616 nauminime
1027 3570 1213 3638 eeeumptam
1238 3567 1455 3627 humanitatem
1484 3573 1592 3630 dicitur
1606 3580 1635 3632 et
1649 3582 1695 3633 m
1710 3579 1852 3635 Dominus

147 3670 188 3711 es.
200 3653 337 3726 Alioquin
353 3652 409 3709 nisi
426 3668 493 3708 cum
510 3650 612 3708 eadem
626 3647 826 3706 affirmatione
836 3648 975 3722 quadicit
1025 3652 1102 3710 Deus
1117 3656 1191 3727 ejus.
1204 3659 1316 3714 Nemet
1326 3658 1389 3731 ipse
1402 3659 1535 3733 loquitur
1547 3681 1553 3719 ι
1566 3664 1851 3724 Aeemeeeepwem

144 3744 263 3816 perorato
288 3759 326 3810 ee,
341 3747 370 3799 et
384 3758 419 3798 ex
441 3740 575 3815 opposito
590 3739 648 3794 ista
663 3738 780 3811 negatio
805 3737 835 3792 iu
851 3737 974 3810 prophe·
1025 3759 1127 3811 meam,
1146 3753 1172 3801 ee
1196 3746 1309 3803 psterem
1334 3757 1463 3815 mmm,
1491 3751 1575 3806 Deum
1598 3771 1701 3821 meum,
1716 3759 1742 3812 et
1766 3758 1850 3814 Deum

144 3844 180 3898 te
195 3857 284 3899 senen
305 3838 500 3911 intelligatur,
516 3837 566 3894 sed
583 3836 727 3908 unnapud
740 3836 831 3893 Deum
850 3835 972 3891 minima
1024 3838 1147 3890 vestrum
1170 3836 1261 3907 (loon.
1278 3839 1369 3908 xxix).
1381 3838 1414 3893 Bt
1425 3847 1628 3912 convertentur,
1639 3844 1850 3917 aitquteeene

142 3946 181 3996 ea,
198 3935 340 4001 tanquam
354 3927 377 3984 si
391 3927 470 3984 dieat
486 3941 493 3981 :
509 3923 634 3982 Parvula
646 3924 706 3980 sive
718 3924 840 3980 minima
850 3925 970 3991 viderie,
1024 3923 1253 3994 muenificutitur
1272 3942 1357 3997 usque
1372 3926 1408 3983 od
1423 3930 1554 3987 terminos
1569 3941 1661 3991 terrae.
1679 3933 1737 3992 Hoc
1748 3936 1847 4008 ipsum

144 4019 194 4075 aed
211 4034 269 4074 non
282 4016 408 4072 minime
418 4029 460 4085 es,
473 4014 662 4071 dissonanter
672 4012 873 4069 testimonium
885 4013 970 4069 hicio
1024 4012 1101 4083 quod
1118 4011 1165 4068 hic
1190 4013 1272 4081 dicit,
1288 4021 1313 4071 et
1327 4021 1419 4087 poaeet
1432 4024 1459 4074 et
1471 4027 1676 4088 corruertentur,
1690 4032 1717 4081 et
1732 4034 1847 4094 cetera,

144 4106 302 4179 Evangelio
318 4103 637 4176 sumptumvidehitur,
655 4102 704 4159 ubi
716 4101 864 4174 principes
878 4117 972 4158 sacer·
1024 4099 1212 4157 manifestius
1241 4103 1270 4157 in
1302 4105 1415 4174 psalmo
1435 4123 1606 4179 expressum
1623 4111 1779 4171 hebemus·
1799 4115 1847 4172 Ast

143 4196 245 4252 dotum
261 4198 289 4250 at
302 4193 409 4249 scriba
425 4191 588 4248 sciscitanti
604 4191 709 4248 Herodi
719 4192 761 4249 eie
783 4191 970 4264 reapondisse
1022 4190 1121 4246 euim:
1140 4190 1225 4246 Bdent
1234 4208 1369 4265 pauperes
1379 4198 1406 4251 et
1422 4198 1634 4265 adunabuntur,
1650 4209 1676 4258 et
1691 4203 1844 4261 benetune

142 4289 300 4342 narratur:
332 4285 406 4340 Bttu
435 4282 581 4349 Bethleem,
598 4285 673 4337 terro
688 4281 772 4348 ludo,
797 4297 970 4355 nequequam
1023 4279 1182 4349 Dominum,
1196 4282 1403 4353 quirequirunt
1418 4300 1491 4356 cum,
1507 4285 1799 4348 virenteordueorum
1815 4295 1844 4349 ie

142 4375 303 4433 minimuea
331 4377 362 4432 in
387 4374 564 4447 principibus
592 4373 661 4430 tudo
686 4372 792 4444 (liutto.
823 4375 865 4446 ιι).
895 4375 966 4430 Cum
1021 4367 1153 4424 secutum
1173 4369 1283 4426 receuti.
1310 4372 1527 4431 lieminiacentur
1550 4385 1576 4432 et
1596 4386 1791 4437 convertentur
1811 4382 1845 4438 ee

144 4466 219 4523 enim
230 4465 278 4522 hic
290 4464 385 4521 dicat:
405 4463 525 4536 porculo
538 4478 576 4533 ea,
593 4467 622 4518 et
638 4460 696 4518 illia
707 4462 849 4535 scriplum
859 4462 965 4530 sitne·
982 4447 1006 4514 D
1020 4457 1297 4515 Dominumuniversi
1304 4458 1372 4530 fines
1383 4463 1561 4537 terralPacl.
1573 4468 1642 4540 xxv).
1655 4473 1751 4527 Puaeet
1764 4488 1843 4544 ergo,

144 4570 284 4628 qucquam
298 4551 417 4609 minimo
427 4567 465 4622 ea,
476 4552 628 4623 perspicue
639 4549 700 4623 lyra
710 4550 855 4620 dimanat,
867 4553 917 4608 sed
934 4552 963 4607 in
1019 4545 1131 4603 scilicet
1144 4549 1275 4605 terminos
1290 4559 1381 4623 tmen,
1399 4555 1590 4626 quoadusque
1606 4558 1845 4633 moeniticotitur,

144 4658 232 4700 sensu
247 4640 326 4699 clere
338 4639 594 4710 consonantiam,
609 4644 642 4696 ut
652 4655 717 4695 cum
730 4639 872 4712 prophete
882 4639 963 4711 divit,
1018 4652 1077 4694 non
1093 4635 1290 4710 qualicunque
1304 4639 1413 4707 edulio,
1429 4642 1479 4698 sed
1496 4644 1626 4715 eorporis
1641 4651 1670 4702 et
1690 4651 1844 4722 sanguinis

141 4732 263 4804 porculo
276 4748 314 4800 es,
330 4728 492 4787 subaudies
508 4729 536 4785 in
550 4728 643 4785 oeulis
657 4729 787 4784 omnium
799 4727 963 4801 homiuum,
1018 4725 1065 4784 sui
1080 4732 1276 4797 sacramento,
1292 4731 1369 4801 quod
1386 4732 1504 4789 edentes
1519 4738 1548 4790 et
1562 4735 1696 4793 bibentes
1710 4756 1844 4812 pauperes

143 4825 251 4878 etcum
281 4818 470 4891 Evangelium
498 4817 579 4885 dicit,
598 4832 772 4889 nequaquem
785 4816 905 4872 minimo
924 4832 962 4884 ea,
1017 4817 1235 4873 annectuntur:
1265 4835 1332 4874 uam
1361 4821 1443 4877 cordo
1471 4838 1575 4892 eornm,
1607 4826 1636 4880 id
1666 4830 1841 4899 eatauima‚

141 4908 344 4984 subintelllgaa
356 4910 434 4982 opud
447 4909 550 4965 Deum.
559 4906 960 4978 Quoddeindeaubjungitua
1016 4907 1107 4962 vivent
1119 4909 1148 4961 in
1159 4907 1292 4965 saeculum
1302 4910 1410 4976 amenti,
1425 4914 1838 4989 quemadmodumipsedieit:

140 5007 252 5072 propter
264 4999 316 5056 noe
329 4998 404 5055 debit
430 5013 474 5056 eoa
499 5012 583 5068 utque
598 4995 633 5052 od
647 5004 753 5065 tempus
777 4997 807 5051 in
823 5011 879 5068 quo
894 5013 962 5068 per·
1016 4993 1047 5050 se·
1059 4996 1121 5068 quie
1136 4997 1349 5054 meneueaeerie
1358 5015 1393 5056 η
1407 4998 1456 5056 ιω
1465 5017 1552 5072 pane,
1563 5005 1634 5060 ΝΜ
1648 5006 1678 5060 g„
1692 5016 1840 5076 mmm,

142 5089 248 5144 turiena
262 5088 363 5160 periet,
384 5089 539 5159 etreliqua
561 5084 684 5158 [vetrum
697 5086 757 5158 ejue
770 5090 963 5142 convertentur
1014 5091 1042 5140 et
1049 5088 1132 5156 penta
1146 5101 1226 5158 quem
1240 5103 1289 5157 epo
1304 5088 1386 5157 doto,
1402 5106 1466 5147 coro
1482 5108 1543 5147 meu
1553 5097 1592 5149 eet
1606 5096 1766 5165 premuniti
1781 5099 1839 5154 esee

142 5176 178 5232 od
191 5175 263 5247 filios
277 5174 378 5244 lsrael,
395 5175 552 5232 manifeste
565 5173 742 5246 completum
758 5178 846 5247 atque
865 5174 961 5231 adhue
1015 5175 1105 5247 (loon.
1124 5176 1172 5249 vv).
1188 5178 1347 5248 Sequitur:

141 5265 347 5340 complendum
359 5271 412 5322 eet.
429 5265 502 5321 Nem
514 5262 781 5337 quietantijudicia
795 5263 884 5321 lsrael
897 5281 960 5321 una·
1050 5274 1083 5328 Bt
1097 5273 1150 5329 erit
1160 5275 1212 5330 iste
1220 5291 1279 5348 pce
1290 5276 1424 5348 Assyrius
1436 5293 1498 5334 cum
1512 5282 1617 5338 venerit
1631 5286 1661 5339 in
1673 5293 1778 5342 terrem
1788 5302 1837 5343 nc·

67 5348 71 5353 ¹
140 5355 240 5412 xillum
268 5359 487 5429 percusserunt.
515 5354 566 5426 qui
590 5352 754 5408 secuudum
783 5369 901 5410 carnem
924 5355 960 5413 de
1013 5366 1111 5427 etrum,
1132 5364 1159 5420 et
1176 5363 1287 5434 quondo
1304 5364 1642 5427 calcaveritindonu'tua
1665 5376 1779 5431 vvoatrie,
1807 5374 1837 5429 ln

139 5444 288 5502 Bethleem
318 5461 352 5501 ex
372 5442 484 5500 semine
501 5441 590 5498 David
606 5456 741 5514 egressus
759 5446 814 5509 eet,
830 5446 859 5499 et
874 5445 959 5517 eujus
1014 5449 1163 5507 nonnullis
1178 5453 1327 5510 codicibus
1346 5453 1454 5527 legitur
1472 5457 1610 5530 Assyriis,
1626 5466 1654 5517 et
1676 5463 1839 5521 ordinatior

140 5533 442 5607 egreeauaeeeundum
455 5528 777 5590 divinitatemadiehue
787 5532 960 5589 eternitatis
1012 5536 1112 5595 littere
1128 5539 1252 5598 videtur.
1269 5543 1300 5599 Si
1313 5545 1391 5600 enim
1402 5541 1559 5616 legendum
1575 5551 1774 5622 eetnaeyriua
1786 5568 1838 5608 eur
