3832 6008
52 213 110 276 rra
370 211 576 276 caunum.
598 211 644 274 ru
666 209 723 273 xa
746 207 887 270 naara
916 208 998 270 aru.
1018 184 1057 255 '-
1080 211 1124 276 nv
1146 215 1260 279 znoa.
1283 219 1359 281 ara.
1382 220 1421 281 a.
1699 226 1760 288 aaa

46 351 150 418 usses,
170 348 221 423 qui
242 364 317 406 nuuc
338 347 384 406 hic
400 350 541 417 assistunt,
558 346 638 416 audi,
661 347 735 413 lesu,
754 342 878 401 sacerdos
893 380 917 448 Α
934 344 996 418 illa,
1012 366 1077 422 que
1092 351 1128 407 de
1142 352 1265 409 Domino
1282 359 1383 412 nostru
1396 355 1464 413 lesu
1480 357 1595 417 Christo
1607 362 1667 434 jam
1678 365 1753 422 821

43 458 156 514 mupne,
186 451 217 499 tu
241 452 268 498 st
287 442 375 498 urnici
403 443 456 507 tui,
486 439 536 514 oui
561 441 686 494 inclitam
713 451 807 492 coram
836 438 874 500 ie,
930 439 1168 512 tuaesigniiioari
1180 445 1298 515 tempus
1309 444 1435 503 velratio
1448 448 1626 514 postulabat.
1639 452 1756 518 Quodsi

43 536 111 606 quic
135 535 189 589 oiri
212 531 408 603 portendentes
432 535 506 587 suut.
533 535 599 588 licus
613 529 687 584 enim
707 541 755 596 epo
771 524 875 580 adduco
929 533 1041 598 querat
1056 530 1131 600 quis,
1154 548 1206 588 eur
1221 533 1251 589 in
1267 549 1300 589 ea
1323 533 1520 593 similitudine
1544 541 1757 615 potiusquam
1863 530 1866 537 ¹

42 640 157 681 seruum
171 640 261 679 merem
286 624 431 687 orientem,
454 620 520 693 puio
536 635 598 676 ecce
622 618 693 690 lapis
719 631 799 689 urcem
814 612 877 669 dedi
930 617 960 673 in
976 617 1034 674 ulia
1048 619 1206 692 significari
1221 623 1363 695 placuerit
1375 624 1389 679 i
1402 625 1481 684 Scire
1495 629 1580 685 dehet
1596 632 1665 704 quia
1679 650 1752 690 eun·

43 731 140 772 eornm
158 714 231 781 lesu,
245 728 330 783 super
345 710 471 782 lapidem
495 725 584 765 unam
598 715 699 779 septem
715 704 875 762 oculisuul.
930 711 992 763 olus
1008 708 1066 764 iere
1082 717 1199 767 sanctos
1214 716 1243 767 et
1259 713 1366 785 prabos
1382 718 1571 789 antiquorum
1589 729 1755 796 temporum

44 807 183 874 Ecoeepo
207 803 299 859 celabo
322 802 492 873 sculpturam
508 800 577 867 eius,
590 799 630 854 ait
650 794 781 852 Dominus
796 808 876 850 eucr-
928 796 1017 868 viros,
1034 799 1085 870 qui
1109 806 1231 856 venturo
1252 818 1340 873 regno
1364 805 1414 861 Dei
1441 809 1557 881 proprio
1578 808 1678 868 labore
1694 813 1748 869 ali·

43 897 166 963 rituum,
183 897 207 950 et
225 895 351 964 ausurum
374 892 551 963 iniquitatem
571 893 656 945 terrae
680 886 755 942 iltius
778 882 806 939 iu
830 882 876 937 dic
929 887 999 958 quid
1024 888 1222 962 contulerunt,
1243 893 1365 965 Spiritus
1380 902 1501 953 sanutus
1524 898 1656 968 ejusdem
1670 905 1753 975 regni

43 1001 117 1042 uno.
135 985 167 1040 ln
189 983 236 1038 die
256 982 321 1051 ilio,
344 979 411 1036 dicit
432 980 568 1035 Dominus
591 978 773 1041 exercituum,
795 988 875 1029 oocu-
928 975 980 1034 llai
997 981 1143 1053 mysteriis
1164 982 1207 1038 sie
1232 984 1396 1054 honoravit,
1414 994 1446 1044 ut
1468 989 1596 1063 aliquem
1620 996 1756 1066 qualem.

46 1074 88 1133 tic
105 1073 150 1131 uir
174 1073 296 1129 ornicum
319 1086 411 1137 suum,
433 1069 527 1125 salter
549 1068 659 1124 uincam
678 1070 705 1122 ct
727 1065 821 1119 subter
839 1061 876 1133 fi·
928 1084 1041 1142 cunque
1056 1070 1162 1141 singuli
1183 1072 1347 1144 pruierrent
1361 1076 1586 1137 similitudinem
1603 1083 1691 1157 regis,
1708 1101 1753 1142 ra-

41 1181 118 1222 cum.
135 1165 166 1220 ln
183 1160 418 1236 precedentibus
434 1158 570 1229 dicendo,
587 1162 648 1230 post
662 1153 786 1225 pluriam
800 1153 876 1208 misit
927 1157 976 1232 gni
989 1160 1041 1216 Dei
1055 1158 1173 1217 Domini
1188 1162 1280 1218 nostri
1295 1163 1365 1220 lesu
1389 1164 1505 1224 Christi.
1522 1168 1596 1227 Hinc
1614 1177 1660 1229 est
1679 1176 1755 1246 quod

45 1272 94 1311 ’Ἀθ
120 1253 155 1310 ‘ld
179 1255 282 1324 pentes,
306 1259 331 1307 θ’
353 1265 412 1306 00⁶⁶
437 1247 524 1316 Denso,
551 1256 578 1305 ti
601 1245 729 1302 Dubitabit
757 1242 788 1299 in
816 1256 875 1298 mt-
927 1247 957 1304 ln
973 1248 1032 1305 illis
1054 1249 1222 1308 hominibus
1244 1254 1366 1325 sanctis,
1380 1258 1461 1313 tanta
1481 1259 1646 1332 conquisita
1666 1268 1695 1321 et
1709 1264 1756 1321 in-

45 1345 96 1402 dio
118 1344 171 1411 tui,
196 1346 249 1398 etc.
271 1340 429 1397 Dominicae
454 1335 667 1395 incarnationis
691 1333 876 1407 significatur
927 1347 1012 1396 venta
1026 1344 1095 1396 sunt
1110 1357 1127 1396 a
1142 1343 1251 1399 sanctia
1274 1344 1445 1403 doctoribus
1471 1354 1554 1421 gesta
1569 1351 1613 1407 val
1630 1352 1708 1409 diora
1723 1354 1754 1411 in

47 1431 241 1508 mysterium
258 1430 288 1487 in
305 1428 500 1503 praesentibus
511 1425 717 1495 tentationum,
729 1428 758 1480 et
767 1421 877 1496 passio·
928 1430 1494 1507 typumajusdemDomini,qualiumde
1505 1441 1661 1513 precipuis
1672 1445 1752 1503 luere

43 1524 94 1580 nis
110 1523 175 1594 ejus
195 1520 355 1577 subrutilat
378 1521 616 1585 sacramentum,
634 1515 663 1571 in
681 1513 874 1587 sequentibus
927 1522 1018 1590 leaac,
1034 1519 1152 1593 loseph,
1175 1526 1204 1578 el
1228 1522 1330 1592 David,
1347 1529 1376 1580 et
1398 1525 1548 1600 Salomon,
1561 1532 1693 1605 quandiu
1720 1534 1751 1591 in

38 1629 114 1670 veru
133 1609 358 1668 resurrectionis
374 1611 439 1681 ejus
460 1604 639 1678 triumphale
653 1604 807 1678 gaudium,
824 1600 874 1657 ubi
926 1609 1068 1679 sapientia
1081 1609 1222 1683 vigilavit.
1236 1611 1288 1667 Isti
1309 1613 1367 1669 duo
1390 1615 1548 1675 Zorohabel
1573 1619 1651 1678 iilius
1666 1623 1751 1680 Zala·
1810 1612 1813 1617 ’

42 1710 113 1778 post
129 1703 187 1758 bac
203 1701 344 1774 propheta
370 1716 437 1755 mox
461 1698 595 1754 dicturus
611 1700 673 1753 est:
694 1692 758 1753 l'idi
773 1696 799 1748 et
813 1705 874 1748 ecce
928 1696 1009 1766 thiel,
1025 1703 1055 1754 el
1068 1700 1139 1756 lesu
1156 1700 1233 1756 illius
1248 1701 1400 1773 Josedeeh,
1414 1707 1537 1764 multam
1555 1709 1584 1766 in
1603 1711 1655 1769 hac
1672 1718 1752 1785 parte

41 1793 244 1852 condelabrum
259 1806 376 1847 auream
390 1794 477 1846 tolum
491 1787 584 1860 (zach.
601 1787 648 1858 nv),
664 1789 719 1842 etc.
736 1785 767 1839 Εἰ
783 1787 873 1840 osteu-
890 1762 912 1829 Β
928 1788 1008 1846 omni
1025 1791 1327 1861 mundoproiuerunt‚
1345 1793 1405 1849 sive
1417 1798 1615 1869 contulerunt,
1630 1803 1700 1875 quia
1715 1803 1756 1860 vi·

48 1885 90 1942 dit
107 1882 185 1945 milri,
198 1882 306 1954 inquit,
317 1882 408 1937 tesam
418 1879 586 1935 sacerdotem
600 1892 744 1945 muprrum.
756 1872 877 1939 llehreei,
929 1877 1033 1935 delicet
1045 1877 1074 1935 in
1085 1880 1250 1936 reversione
1260 1881 1296 1937 de
1311 1882 1470 1956 Babylonia
1480 1889 1626 1963 principes
1637 1894 1754 1948 sustite-

49 1974 149 2047 inquit
160 1972 191 2027 Β.
209 1972 414 2043 Hieronymus,
425 1971 525 2025 lesum
538 1968 719 2024 sacerdotem
736 1979 877 2036 magnum
929 1975 1010 2040 runt,
1020 1967 1224 2043 templumque
1235 1971 1431 2031 insudaverunt
1442 1984 1470 2031 st
1483 1981 1675 2050 perieceruut,
1692 1983 1754 2041 loeo

49 2064 147 2122 illium
163 2061 307 2119 losadech
320 2059 445 2133 intelligi
457 2060 569 2126 volant,
582 2057 632 2130 qui
643 2051 879 2112 eumZarobaeel
929 2068 974 2127 ,01
991 2069 1071 2142 genre
1087 2071 1290 2140 ,ggupgmndae
1305 2072 1458 2131 student„
1480 2078 1558 2133 und,
1573 2080 1653 2137 salus
1673 2082 1754 2138 veni·

49 2154 159 2229 D⁰P¹¹¹⁰
176 2150 301 2225 Dlaefusts
318 2150 404 2222 ⁰⁰1¹ss
426 2147 611 2205 adimimus
626 2145 765 2200 &⁰0¹³ss
781 2143 880 2199 Dabat
931 2165 984 2227 rel,
1001 2158 1071 2231 quia
1090 2156 1169 2214 salus
1184 2176 1219 2214 ex
1232 2160 1341 2217 tausis
1356 2168 1400 2218 est
1416 2163 1505 2234 (torro.
1522 2168 1569 2239 rs).
1594 2172 1756 2229 Honoravit

47 2259 78 2310 ut
103 2269 198 2309 nous
221 2250 369 2318 eiulatum
390 2249 460 2320 quia
484 2264 553 2304 veru
575 2249 637 2302 erui
661 2243 822 2309 &Deusuilos
846 2257 879 2298 00
930 2247 1667 2321 igitureosSpiritassauclus,uliunominihusvel
1681 2260 1755 2335 ligu-

49 2343 129 2417 quod
146 2341 208 2414 ipse
223 2357 290 2397 cum
301 2341 413 2395 ceteris
428 2337 622 2409 alienigenam
637 2335 799 2406 accepisset
810 2348 880 2388 uxu-
931 2337 973 2394 ris
983 2353 1094 2402 aarum,
1105 2339 1220 2394 venturi
1230 2339 1337 2397 Christi
1351 2344 1491 2413 mysteria
1506 2346 1754 2421 significarentur,

51 2448 129 2502 rem,
145 2431 263 2504 quadiu
280 2429 373 2485 Esdra
388 2433 415 2484 et
426 2426 580 2493 Malachia,
596 2425 647 2497 qui
663 2425 741 2479 huno
757 2421 881 2495 propbe-
933 2443 984 2499 pro
999 2443 1032 2482 co
1048 2428 1125 2498 quod
1142 2427 1206 2499 ejus
1222 2429 1359 2498 aduentu,
1376 2432 1419 2488 vel
1437 2449 1526 2506 regna
1541 2435 1625 2493 labor
1639 2444 1668 2495 el
1682 2457 1757 2514 opus

51 2512 878 2595 tumsequitar,plenissimesoriptumest.dormientem,
932 2533 1032 2573 eoram
1054 2516 1260 2573 tumulabatur.
1285 2519 1336 2575 liis
1360 2525 1458 2578 autem
1484 2526 1655 2597 premissis,
1679 2547 1757 2588 nuno

49 2613 103 2680 ait,
121 2612 160 2668 ito
185 2611 326 2668 disserunt
351 2609 521 2665 sacerdotem
543 2622 601 2663 esse
616 2621 746 2677 mapnum
762 2605 786 2674 (l
800 2603 879 2659 Esdr·
932 2606 1086 2678 presentia
1101 2605 1221 2663 visionis
1236 2606 1316 2664 diota
1335 2608 1378 2666 vel
1395 2617 1459 2668 uota
1474 2614 1575 2672 ordina
1597 2634 1756 2693 persequa-

48 2720 87 2767 x:
103 2702 218 2758 datach.
242 2701 337 2773 11),ad
358 2715 446 2772 quam
465 2697 593 2754 dieitur:
615 2697 652 2752 iu
665 2711 693 2751 cs
713 2691 881 2750 sacerdocio
933 2711 1008 2752 mur.
1025 2696 1056 2751 Et
1071 2695 1212 2751 ostendisti
1233 2697 1304 2753 mihi
1324 2698 1415 2755 lesum
1436 2705 1609 2761 sacerdotem
1624 2725 1756 2777 mapsam

50 2801 188 2851 ueternum
201 2791 352 2848 secundum
366 2789 490 2846 ordinem
507 2785 697 2845 Melchisedech
709 2784 795 2858 (Psoi.
811 2784 880 2855 cm),
933 2789 1053 2840 stantem
1080 2799 1172 2839 coram
1198 2785 1296 2853 capeto
1325 2786 1445 2858 Domini,
1470 2793 1496 2847 ct
1518 2790 1605 2847 Sutura
1629 2795 1757 2853 stuiolo
1853 2792 1856 2797 ’

50 2882 261 2958 quiquoniam
286 2898 337 2954 per
351 2898 382 2938 se
406 2878 497 2935 videri
521 2895 577 2935 aon
603 2881 708 2951 polest,
725 2892 742 2932 a
757 2874 882 2932 Domino
932 2872 1037 2929 deutris
1052 2873 1121 2945 ejus,
1136 2878 1168 2928 at
1181 2873 1377 2932 adversaretur
1390 2878 1426 2935 ei.
1450 2878 1524 2943 Quid
1551 2881 1624 2938 illud
1640 2884 1758 2957 signifi.

51 2970 203 3046 prophete
217 2967 393 3038 ostenditur,
419 2972 501 3023 slans
518 2980 615 3022 coram
638 2962 740 3036 angelo
756 2960 880 3026 Domini,
932 2962 1049 3028 caverit,
1065 2959 1095 3016 in
1106 2959 1207 3017 erdem
1223 2961 1335 3020 visione
1346 2963 1477 3022 innuitur
1489 2967 1536 3025 his
1547 2970 1643 3027 verbis
1655 2989 1662 3029 :
1673 2973 1756 3046 Audi,

51 3078 142 3137 quem
158 3060 261 3117 volunt
276 3061 373 3133 magni
386 3058 500 3115 consilii
516 3073 578 3115 esse
590 3057 723 3129 angelum
735 3056 811 3128 (lsai.
824 3054 875 3126 rx),
933 3051 997 3107 lesu
1016 3049 1142 3107 sacerdos
1163 3067 1269 3123 magne,
1286 3056 1316 3109 tu
1331 3057 1356 3109 et
1377 3056 1462 3111 amici
1484 3060 1533 3131 uui
1556 3059 1686 3117 lrobilurrt
1712 3079 1756 3121 co·

53 3169 113 3210 non
130 3150 208 3223 quod
225 3151 299 3206 alter
310 3155 339 3205 cl
353 3148 426 3205 alter
442 3148 488 3219 sit,
505 3151 538 3204 ut
551 3148 624 3204 uuas
644 3162 784 3221 personas
800 3148 876 3201 reel-
895 3118 993 3197 crem
1006 3146 1045 3208 te,
1066 3139 1132 3213 quio
1152 3143 1211 3197 oiri
1232 3142 1422 3213 portendentes
1444 3151 1518 3203 sarri.
1536 3149 1602 3205 Ecce
1621 3153 1695 3208 esaim
1709 3168 1757 3225 epo

53 3245 172 3316 piamus
187 3242 217 3297 in
233 3241 315 3309 Filio,
331 3240 381 3295 sed
392 3239 468 3311 quod
481 3255 558 3294 unus
573 3247 659 3310 atque
670 3236 783 3292 idemet
794 3234 878 3307 quasi
930 3230 1152 3287 adducoseroum
1160 3246 1251 3288 mcum
1261 3232 1404 3300 orientem,
1417 3240 1472 3292 etc.
1486 3240 1587 3311 ltaque
1597 3240 1684 3298 lesus
1696 3241 1755 3314 ille,

55 3334 145 3391 homo
156 3332 325 3390 sordidulus
334 3329 508 3399 ostenditur,
516 3332 543 3384 et
551 3323 880 3399 quasiaageluamedia-
932 3337 1019 3393 quem
1035 3321 1081 3378 vel
1095 3322 1184 3378 citius
1199 3323 1326 3395 speciem
1342 3323 1402 3381 eive
1415 3326 1574 3399 imaginem
1594 3331 1711 3388 videbat
1726 3331 1756 3389 in

52 3427 100 3480 tur
114 3423 166 3480 Dei
182 3426 211 3478 et
229 3421 380 3477 bominum
397 3434 536 3491 apparere
556 3418 681 3474 dicatur.
697 3415 786 3471 iuxta
800 3414 879 3470 huus
928 3417 1027 3479 nocte,
1045 3414 1170 3467 staulam
1187 3428 1284 3468 corum
1308 3414 1411 3484 angelo
1434 3418 1562 3484 Domini,
1588 3424 1756 3491 portentum

46 3510 261 3579 ³⁸0n⁸1¹ffish002
272 3510 322 3579 215¹,
332 3508 522 3566 videturesse
532 3506 661 3577 difficile,
674 3504 753 3579 q¹¹⁰d
763 3502 878 3561 Jefluub
933 3512 989 3569 iuil
1002 3511 1077 3567 servi
1096 3511 1155 3577 Dei,
1172 3511 1257 3573 servi.
1267 3512 1399 3582 inquam,
1416 3514 1494 3572 illias
1507 3519 1625 3576 nomiae
1636 3522 1757 3579 orientia

55 3601 160 3676 angelo
176 3601 293 3669 Dicitur,
316 3599 340 3655 si
365 3597 559 3655 ambulaverit
580 3596 610 3652 in
635 3595 692 3651 viis
708 3594 836 3665 Domini,
852 3595 880 3648 ut
933 3600 995 3674 qui,
1015 3616 1078 3656 cam
1100 3601 1130 3655 in
1149 3602 1239 3670 {orma
1267 3602 1318 3656 Dei
1335 3605 1412 3667 esset,
1442 3615 1559 3679 propre,
1587 3625 1639 3665 nos
1660 3620 1758 3668 gomet.

56 3694 123 3765 ejus
137 3695 283 3765 praecepto
305 3689 471 3755 servaverit,
491 3687 554 3760 ipse
571 3702 688 3759 quoque
699 3683 813 3756 jucicet
828 3683 880 3738 do·
933 3690 1024 3764 ipsum
1039 3691 1206 3754 exinaniuit,
1230 3692 1352 3760 sormam
1375 3692 1449 3748 serui
1463 3695 1611 3767 accipiens,
1637 3702 1715 3756 unde
1729 3706 1759 3760 et

57 3799 141 3841 mum
157 3785 222 3853 ejus
235 3784 265 3836 et
279 3778 426 3835 custodiat
441 3778 513 3834 atria
528 3777 619 3847 illius,
634 3781 663 3832 el
677 3776 724 3831 det
737 3773 763 3831 ei
780 3771 879 3829 Domi-

55 3888 116 3930 nus
135 3868 320 3928 ambulantes
334 3868 369 3924 ue
387 3867 434 3924 bis
450 3867 500 3940 qui
523 3868 662 3923 assistant
677 3865 713 3921 ei.
740 3862 798 3919 Nos
813 3876 879 3918 vero

56 3960 198 4036 postremi
207 3976 261 4015 nou
271 3961 323 4014 abs
335 3974 366 4014 re
377 3959 529 4025 miramur,
537 3956 562 4012 si
573 3955 789 4011 interductores
801 3968 881 4008 soru-

934 3785 1009 3837 recte
1021 3779 1129 3835 dicitur
1143 3795 1246 3834 servus
1257 3779 1383 3847 Doruini,
1397 3784 1467 3854 quia
1481 3792 1597 3856 propter
1609 3805 1661 3844 aaa
1672 3792 1760 3848 servi-

933 3871 984 3939 vit,
998 3873 1026 3925 et
1039 3869 1168 3924 obediens
1181 3872 1235 3941 tuit
1250 3871 1381 3941 usquead
1395 3877 1520 3944 rrrorlem,
1533 3881 1650 3934 mortem
1665 3887 1758 3937 autern

933 3961 1031 4017 crucis.
1053 3961 1085 4015 la
1101 3959 1152 4015 illa
1171 3959 1263 4016 iarma
1279 3962 1354 4016 servi
1374 3968 1453 4019 stare
1477 3964 1603 4022 habebut
1621 3972 1758 4030 sacerdus

54 4050 160 4125 pulosa
174 4064 304 4121 unquam
330 4047 385 4102 luit
407 4045 584 4102 concertatio
600 4060 652 4117 pro
677 4058 708 4098 re
721 4039 880 4113 ejusmodi,

933 4068 1058 4124 magnus
1073 4068 1170 4107 eoram
1187 4050 1292 4124 angelo
1310 4053 1444 4110 Domini:
1461 4055 1590 4113 illusisti
1602 4061 1687 4132 caim,
1705 4062 1757 4132 uit,

52 4156 119 4199 cum
136 4140 209 4197 visio
224 4137 263 4194 sit
277 4136 383 4204 noctis,
398 4134 468 4207 quia
484 4134 525 4190 sie
536 4132 675 4207 incoepil:
693 4131 753 4189 Vidi
766 4147 816 4203 per
830 4145 878 4186 no·

933 4160 997 4200 eum
1006 4139 1192 4214 paulominus
1202 4141 1240 4197 ab
1254 4143 1359 4213 repetis
1373 4145 1458 4213 (Paul.
1477 4147 1547 4219 vm).
1560 4147 1756 4210 lliinoritatem

52 4239 108 4290 um
123 4229 219 4304 (Zuclr.
236 4229 266 4299 r),
282 4231 336 4283 eto.
354 4225 385 4282 ln
400 4224 564 4280 visionibus
592 4237 719 4295 namque
735 4237 792 4278 non
816 4220 880 4293 ipsa
933 4232 1017 4289 lllam
1029 4231 1089 4286 hac
1104 4231 1191 4287 dictio
1203 4229 1324 4302 pulchre
1335 4232 1443 4301 innuit,
1456 4237 1583 4293 stantem
1594 4253 1757 4299 caraman·

51 4345 177 4405 persana
189 4324 647 4396 sivesubstantiaoujuscunque,
657 4319 879 4378 sedsimilitudo
932 4320 997 4394 gelo
1010 4319 1135 4388 Domini,
1154 4319 1304 4391 pulchrius
1318 4326 1416 4377 aulem
1432 4327 1461 4378 et
1472 4328 1667 4385 venerabilius
1684 4331 1755 4390 illud

51 4429 113 4479 aiva
127 4422 226 4491 imago
236 4431 377 4489 personas,
395 4413 437 4470 vel
452 4413 622 4470 substantia
638 4413 713 4468 solet
727 4425 878 4483 apparere,
934 4417 961 4474 in
976 4417 1141 4491 Evangelio,
1158 4418 1235 4490 qaod
1251 4434 1317 4474 oum
1333 4419 1427 4476 iaetus
1443 4419 1473 4476 in
1494 4425 1598 4495 agonia
1614 4429 1757 4498 prolixius

52 4509 116 4568 aive
131 4507 274 4576 bominis,
298 4504 359 4560 eive
374 4503 494 4560 alterius
518 4500 676 4573 cujuslibet
702 4501 754 4570 rei,
778 4503 880 4572 prater
895 4488 918 4553 D
934 4517 1028 4565 omer
1052 4508 1366 4565 etsadarelaudorem
1389 4511 1595 4583 magnifieum,
1620 4519 1758 4590 apparui,
1849 4566 1853 4571 .
1895 4500 1897 4505 ·

54 4597 227 4673 spirituales
237 4594 429 4659 substantias,
447 4591 672 4664 uisuntuagcli.
691 4589 881 4663 ltaquesicut
934 4595 976 4654 illi
992 4596 1113 4671 angelus
1138 4597 1174 4653 de
1200 4596 1271 4654 omlu
1297 4599 1466 4657 confortans
1491 4617 1557 4658 eum
1583 4605 1756 4683 (iuc.xx11)‚

54 4690 86 4749 in
104 4690 159 4745 hac
181 4689 245 4760 ipsa
267 4686 378 4742 visione
399 4688 524 4756 quatuor
547 4698 667 4751 cornua,
694 4683 722 4737 el
748 4679 825 4736 sieut
848 4678 879 4734 in
934 4687 1574 4763 majoratiqueminorem,utpotenunquam
1586 4695 1757 4767 moriturus,

52 4780 167 4838 visione
181 4775 310 4834 Danielis
334 4779 460 4847 quatuor
476 4771 584 4840 bestias,
602 4788 658 4827 nun
677 4770 739 4842 ipsa
755 4773 880 4842 quatuor
934 4777 1072 4834 continuo
1087 4777 1273 4833 moriturum.
1291 4778 1371 4844 Quod
1388 4779 1417 4834 in
1431 4778 1479 4835 illo
1491 4781 1553 4838 risu
1565 4780 1653 4839 Satan
1667 4787 1757 4844 stoici

52 4886 153 4943 mgna,
170 4867 222 4925 aed
247 4869 373 4938 quatuor
390 4879 546 4936 regnorum
572 4861 706 4933 quadarn
733 4859 879 4932 imagines
935 4865 1074 4924 adexlris
1088 4867 1155 4921 lesu
1172 4869 1203 4921 ut
1217 4864 1411 4922 udrrersuretar
1425 4869 1462 4929 ei.
1477 4868 1533 4925 boe
1548 4875 1603 4937 est,
1619 4875 1697 4945 quod
1711 4879 1758 4932 ta·

51 4960 133 5017 suere
156 4957 237 5030 (Dan.
262 4955 339 5025 v11);
364 4953 404 5008 ita
431 4952 477 5006 hie
502 4952 600 5017 lesus,
623 4966 718 5022 neque
739 4951 879 5005 substan·

52 5049 95 5106 tia
110 5046 229 5105 Domini
252 5044 343 5099 nostri
362 5042 433 5097 lesu
449 5040 566 5105 Christi,
583 5040 632 5111 qui
648 5039 811 5095 secundum
827 5037 879 5095 ho·

52 5139 166 5198 minem
188 5135 330 5192 mondum
355 5132 509 5200 existebat,
534 5146 628 5202 nequae
658 5128 708 5185 ille
730 5134 816 5185 lesus
846 5127 879 5183 il·

50 5229 111 5287 liua
132 5225 277 5285 losedeeh
298 5223 378 5279 illius
401 5220 542 5293 temporis
568 5218 699 5292 pontiioa
722 5222 794 5286 arat,
816 5217 878 5290 qui,

49 5334 120 5378 cum
150 5317 235 5375 humo
269 5319 346 5370 asael
376 5315 404 5369 et
433 5327 552 5382 corpus,
581 5309 728 5378 quomoda
754 5307 784 5363 in
815 5307 880 5364 visu

49 5409 147 5468 noctis
180 5419 322 5480 apparere
350 5400 488 5474 poterat?
517 5399 616 5470 Imago
644 5402 706 5454 erat
739 5396 880 5467 hominis,

49 5516 118 5575 quas
154 5495 319 5561 videbatur,
354 5492 485 5564 quaedam
530 5487 694 5545 similitudo
738 5489 880 5547 duntaxat

53 5587 208 5649 suihoieua
233 5582 398 5644 ministeriu
420 5579 602 5655 prophetico,
625 5579 661 5636 ad
686 5577 882 5652 significanda

934 4952 971 5012 lis
986 4956 1041 5012 isle
1055 4971 1157 5011 servus
1173 4955 1208 5010 de
1224 4956 1380 5025 semetipso
1396 4956 1484 5014 dixit:
1505 4959 1664 5018 Venitcus'm
1676 4964 1756 5037 pria·

935 5053 996 5109 ceps
1017 5037 1116 5092 maadi
1129 5036 1210 5105 iuius
1228 5038 1319 5109 (toan.
1338 5038 1406 5109 xrv),
1422 5040 1607 5113 subauditur,
1624 5060 1757 5115 qsrrerens

936 5131 963 5187 ln
982 5146 1127 5187 masuam
1143 5129 1264 5200 aliquid,
1281 5131 1413 5188 Sialulut
1428 5131 1631 5202 adversaretur,
1650 5153 1702 5195 neo
1714 5143 1757 5196 ta·
1839 5145 1843 5149 ’

936 5236 1003 5277 men
1020 5220 1131 5276 dictum
1145 5223 1199 5288 est,
1213 5220 1290 5292 quod
1307 5221 1478 5277 adversatus
1493 5222 1530 5278 sit
1542 5223 1579 5290 ei,
1597 5227 1638 5281 vel
1656 5229 1757 5283 adver·

935 5310 994 5368 aeri
1010 5309 1146 5381 poluerit,
1164 5308 1234 5382 quia
1248 5308 1382 5366 videlicet
1396 5310 1439 5366 sic
1454 5311 1587 5369 iulurum
1603 5319 1665 5370 erat
1678 5315 1755 5372 utad

937 5399 1032 5473 ipsum
1045 5397 1164 5471 quidem
1180 5397 1428 5472 venirelprinccps
1439 5400 1607 5470 maudi,sed
1621 5405 1650 5458 in
1660 5420 1712 5472 me,
1725 5405 1754 5463 iu

936 5490 1010 5562 quit,
1022 5504 1077 5546 non
1092 5488 1171 5546 hobel
1180 5490 1333 5562 quidpiam
1348 5490 1456 5561 (ibid).
1472 5490 1576 5557 Stabat,
1592 5507 1649 5547 aon
1660 5510 1676 5547 a
1686 5492 1755 5550 sini·

936 5579 1016 5650 stris,
1032 5580 1083 5636 sed
1098 5595 1118 5637 a
1133 5579 1249 5648 deutris,
1266 5579 1336 5652 quia
1350 5577 1483 5637 videlicet
1494 5578 1535 5637 sic
1552 5580 1681 5642 laturum
1692 5587 1757 5641 erat
