3826 6014
621 166 791 229 RUPllllTl
815 162 983 224 ABBATIS
1004 157 1240 221 willensis.

94 276 1750 342 W

571 442 648 542 R.
691 438 764 538 D.
809 438 882 535 D.
925 427 1311 536 aarum

755 605 910 667 absarus
929 602 1127 663 TUITIENSIS

688 753 803 878 IN
895 746 1193 876 OPUS

182 969 610 1307 llllllll
654 966 752 1300 ll
799 958 1116 1296 lltlll
1165 949 1355 1287 llll
1397 940 1725 1279 lllllll

540 1387 818 1514 SUPER
862 1370 1367 1506 MATTHAEUM

767 1597 1114 1701 PROLOGUS.

138 1939 219 1997 m
235 1932 447 2012 Exigisams,
465 1952 484 1994 o
499 1933 706 2013 philochriste
730 1936 830 2008 Guno,
857 1935 1044 1997 venerabilis
1073 1932 1233 2014 quondam
1262 1928 1361 1990 abbas
1385 1922 1521 1988 coenobii
1549 1916 1795 2002 Sigeburgensis,

95 2032 179 2109 nnnc
194 2020 300 2075 autem
318 2015 432 2094 praesul
448 2015 593 2076 Ecclesiae
606 2015 854 2094 Ratisponensis,
867 2034 984 2077 novum
996 2017 1131 2077 condere
1147 2031 1238 2092 opus,
1253 2010 1298 2070 De
1308 2008 1411 2088 gloria
1426 2012 1458 2067 et
1471 2005 1592 2066 honore
1605 2003 1679 2064 Filii
1702 1996 1797 2060 bomi-

96 2114 144 2156 nra
158 2095 320 2156 constituti
331 2113 426 2174 super
439 2113 539 2172 opera
551 2114 702 2156 manuum
716 2097 826 2166 Patris,
841 2097 905 2158 sive
916 2096 1052 2158 sedentia
1063 2096 1101 2156 ad
1114 2095 1279 2154 dexteram
1292 2087 1468 2167 majestatis
1480 2087 1512 2147 in
1522 2083 1668 2155 excelsis,
1686 2087 1721 2142 ut
1735 2096 1796 2140 om·

98 2176 151 2236 nia
161 2175 371 2252 subjiciantur
385 2175 413 2235 ci
428 2175 537 2255 (Hebr.
555 2176 624 2254 r),et
639 2175 770 2254 hujusce
781 2177 885 2256 operis
899 2177 1066 2239 aedificium
1080 2181 1261 2237 construere
1273 2188 1367 2250 super
1377 2166 1539 2245 Evangelii
1549 2164 1797 2230 tundamentum,

98 2256 259 2332 Evangelii
274 2255 446 2316 secundum
461 2255 656 2317 Mattbaeum.
670 2259 696 2317 0
708 2275 803 2336 quam
819 2257 958 2336 optabile
969 2257 1047 2318 mihi
1066 2262 1123 2326 est,
1136 2262 1168 2316 et
1177 2254 1234 2314 libi
1244 2269 1310 2313 esse
1330 2250 1419 2320 dicis,
1431 2254 1477 2326 ut,
1501 2245 1650 2326 quoniam
1677 2237 1800 2303 novissi·

103 2353 200 2399 mum.
217 2342 247 2395 te
261 2336 416 2397 monitore
430 2344 462 2396 et
472 2354 551 2415 pene
567 2345 772 2416 praeceptore,
785 2356 886 2417 nuper
899 2337 983 2399 edidi
998 2355 1078 2415 opas
1094 2339 1138 2397 De
1153 2334 1284 2396 victoria
1299 2331 1386 2392 vorbi
1402 2329 1467 2401 Dei,
1491 2327 1629 2387 scribere
1643 2340 1730 2384 nunc
1744 2336 1799 2380 ms·

100 2432 172 2476 rear
187 2415 281 2507 digne
295 2415 333 2475 de
349 2415 451 2493 gloria
463 2423 494 2477 et
506 2416 626 2478 bonore
637 2417 682 2494 (ut
697 2416 763 2496 jam
778 2418 898 2478 dictum
914 2423 974 2498 est)
990 2419 1062 2480 Filii
1074 2416 1220 2489 bominis,
1238 2419 1368 2493 propter
1381 2427 1470 2488 spem
1482 2405 1654 2486 repositam
1667 2403 1702 2463 in
1728 2399 1800 2462 veri-

102 2502 165 2588 tate
176 2495 318 2573 ejusdem
330 2495 386 2557 Dei
400 2502 432 2557 et
447 2495 596 2576 huminis,
608 2496 761 2559 dicentis:
779 2523 795 2554 a
806 2501 849 2560 lix
866 2498 968 2559 verbis
981 2499 1042 2559 tuis
1050 2495 1274 2575 justificaberis
1287 2489 1410 2572 (blattis.
1422 2489 1492 2567 xrs).
1508 2511 1524 2544 »
1542 2491 1624 2548 'late
1637 2484 1701 2545 scis
1713 2497 1800 2561 quam

100 2577 300 2655 impatienter
315 2574 468 2638 hactenus
483 2584 514 2639 te
530 2578 588 2638 boc
603 2577 780 2656 exigentem
792 2580 957 2651 audierim,
975 2596 1070 2658 quarn
1082 2595 1174 2655 asper
1188 2581 1310 2652 etpene
1320 2569 1528 2633 intractabilis
1539 2572 1673 2628 econtra
1684 2561 1801 2629 lusda,

102 2656 192 2718 Unde
207 2655 267 2717 boc
281 2656 297 2716 i
310 2656 462 2718 Videlicet
477 2675 515 2718 ex
541 2657 648 2719 multis
663 2659 776 2720 causis.
792 2660 897 2721 Multis
909 2677 1046 2739 namque
1061 2657 1163 2720 modis
1174 2674 1224 2717 me
1235 2672 1297 2715 non
1310 2653 1413 2714 minas
1423 2667 1519 2729 quam
1531 2655 1562 2709 te
1572 2650 1804 2724 angustatcars

101 2737 215 2797 domos
230 2736 447 2818 Domini,quas
461 2739 582 2800 credita
597 2745 644 2799 est
660 2739 746 2800 mibi.
765 2740 920 2801 Praetereo
934 2759 996 2801 non
1012 2739 1104 2799 facile
1119 2746 1165 2798 eet
1184 2734 1305 2796 homini
1331 2729 1490 2812 peccatori
1511 2747 1547 2789 os
1565 2744 1658 2787 suum
1687 2721 1803 2813 aperire

101 2824 133 2879 cl
147 2818 307 2879 attrahere
318 2817 461 2898 spiritum
473 2818 571 2898 (Paul.
589 2820 706 2896 cavus).
725 2839 795 2881 cum
811 2820 851 2880 sit
868 2822 927 2881 boc
941 2819 1068 2881 illorum
1083 2819 1239 2878 duntaxat
1250 2814 1304 2894 qui
1315 2812 1494 2873 desiderant
1505 2807 1656 2869 mandata
1671 2802 1800 2866 Domini.

103 2899 300 2977 llddelquod
315 2900 383 2979 ipse
398 2901 490 2972 nosti,
509 2901 592 2979 quod
607 2901 722 2962 audisti
737 2906 766 2961 el
782 2900 898 2979 vidisti)
916 2900 990 2977 quia
1006 2899 1123 2978 scripta
1139 2896 1263 2958 measic
1280 2895 1420 2973 plerique
1436 2891 1555 2969 legunt,
1568 2894 1604 2947 ut
1619 2884 1803 2946 insidientur

104 2979 192 3039 mihi.
209 2978 300 3042 Unde
314 2988 345 3040 et
355 2981 508 3058 contingit
527 2981 570 3040 eis
585 2980 662 3040 illud
672 2981 755 3058 quod
772 2981 824 3041 hic
835 2982 918 3042 idem
931 2981 1029 3041 Filius
1042 2979 1179 3040 hominis
1193 2974 1418 3056 glorificandus
1432 2977 1463 3032 et
1479 2967 1687 3030 honorandus
1712 2963 1803 3024 dixit:

104 3083 118 3114 ι
134 3059 168 3120 Si
183 3067 289 3151 autem
305 3061 415 3119 oculus
431 3067 503 3120 tuus
518 3077 654 3139 nequam
670 3061 776 3132 luerit,
792 3068 892 3121 totum
909 3080 1024 3140 corpus
1039 3067 1127 3121 tuum
1146 3058 1346 3120 tenebrosum
1357 3054 1416 3115 erit
1427 3048 1552 3128 (Mettis.
1564 3049 1619 3128 vr).
1637 3072 1652 3103 s
1666 3049 1805 3107 Poteram

103 3157 162 3217 ego
176 3140 241 3230 jam
259 3138 309 3230 hae
323 3139 356 3199 in
371 3139 473 3218 capite
489 3139 653 3210 sermonis,
665 3140 722 3208 illi,
738 3158 831 3219 quem
844 3141 924 3203 bene
935 3141 1027 3213 nosti,
1045 3137 1334 3218 responderejuxta
1345 3133 1429 3214 quod
1441 3131 1574 3192 meruit:
1590 3128 1646 3207 qni
1661 3125 1806 3205 quoniam

104 3237 167 3278 non
183 3217 317 3308 simplici
332 3218 424 3278 oculo
436 3219 524 3296 legit,
536 3219 709 3281 ambulavit
723 3220 754 3280 in
770 3222 917 3295 tenebris,
929 3229 960 3282 et
974 3223 1018 3282 ita
1032 3220 1176 3290 offendit,
1193 3223 1227 3279 ut
1236 3216 1440 3293 semetipsum
1453 3230 1515 3271 non
1535 3209 1639 3270 solum
1655 3206 1804 3276 invidam,

106 3315 215 3390 verum
231 3303 327 3389 ettam
344 3300 574 3360 demonstraret
596 3299 672 3359 satis
691 3301 887 3379 imperitum.
908 3301 1093 3373 Maledictis,
1115 3318 1185 3379 quse
1196 3299 1228 3359 in
1245 3315 1294 3358 me
1304 3293 1485 3364 concitavit,
1503 3288 1733 3368 noninjustum
1748 3284 1807 3344 elo·

108 3394 195 3455 grum
210 3382 328 3456 scripto
350 3378 543 3452 redderetur,
561 3380 626 3441 sed.
644 3404 658 3436 a
675 3379 755 3442 lllibi
784 3383 923 3444 vindicta
945 3390 977 3444 et
1004 3400 1063 3461 ego
1088 3379 1271 3447 retribuam,
1295 3376 1372 3436 dicit
1395 3373 1545 3435 Dominus
1571 3368 1675 3447 (Dent.
1702 3379 1807 3428 xxxo:

109 3456 194 3551 Rem.
211 3459 284 3538 ιιι).
299 3480 316 3514 s
332 3457 409 3519 Cum
426 3460 530 3522 Semei
545 3460 628 3521 lilius
640 3461 731 3539 Gara,
744 3461 800 3523 litii
813 3463 940 3540 lemini,
958 3461 1178 3523 maledictione
1188 3457 1325 3538 pessima
1341 3453 1546 3517 malediceret
1560 3448 1673 3519 David,
1691 3448 1811 3507 mittens

109 3537 230 3633 lapqdes
244 3538 395 3632 adversus
409 3557 494 3613 eum,
507 3548 688 3621 terramque
702 3560 854 3623 spargens
869 3561 876 3603 :
896 3567 911 3600 a
927 3542 1171 3613 Dimittiteeum‚
1189 3540 1234 3600 ait
1245 3537 1357 3608 David,
1370 3541 1405 3596 ut
1421 3531 1600 3598 maledicat,
1614 3527 1640 3589 si
1655 3527 1739 3588 forte
1754 3541 1809 3586 res·

109 3624 206 3700 prcrat
221 3621 372 3680 Dominus
382 3619 585 3684 afflictionem
603 3639 718 3692 meam,
736 3631 767 3684 et
782 3624 892 3685 reddat
908 3623 985 3684 mihi
1001 3624 1117 3684 bonum
1134 3639 1192 3699 pro
1203 3615 1425 3679 maledictione
1435 3614 1495 3675 bac
1506 3610 1660 3672 hodierna
1675 3606 1726 3687 (II
1739 3607 1808 3684 nen.

108 3704 186 3778 xvv).
203 3698 395 3760 Dixicausas
409 3719 481 3780 qua
497 3702 682 3764 benevolum
699 3703 783 3765 circa
797 3705 975 3784 Scripturas
989 3721 1094 3764 sacras
1111 3697 1460 3782 perturbaotanimum.
1485 3692 1536 3755 Sic
1563 3688 1666 3750 turbas
1694 3702 1807 3768 praece·

109 3780 219 3841 dentes
234 3787 506 3861 atqueaequentes
519 3784 674 3844 volentem
691 3784 796 3845 videre
811 3788 918 3846 lesum
935 3784 1005 3864 quis
1020 3788 1110 3854 essct,
1123 3787 1154 3843 et
1168 3784 1345 3843 currentem
1361 3777 1400 3838 ad
1413 3772 1582 3836 videndum
1594 3767 1807 3848 impediebant

109 3861 289 3933 zacheum,
305 3867 426 3923 statmo
441 3864 591 3941 pusillum
607 3863 779 3944 (Lucam).
804 3866 855 3926 Sic
878 3865 1028 3926 Pharisaei
1048 3861 1299 3932 murmurabant,
1326 3863 1493 3938 propterea
1517 3850 1602 3931 qnod
1632 3848 1805 3910 divertisset

109 3944 200 4004 lesus
216 3943 255 4001 ad
272 3941 356 4003 hunc
370 3943 473 4022 ipsum
489 3946 667 4023 apostolum
684 3953 715 4005 et
729 3945 954 4024 evangelistam
969 3944 1149 4006 llatthesum
1165 3939 1287 4019 (Mettis.
1304 3944 1358 4018 rx),
1375 3937 1406 3996 id
1435 3941 1482 3996 est
1496 3933 1661 3992 donatum.
1689 3933 1733 3991 At
1758 3927 1806 4019 ille

111 4039 325 4100 perseverans,
343 4041 492 4100 magnum
510 4026 582 4086 lecit
596 4024 624 4086 ei
639 4026 816 4086 convivium
836 4026 867 4086 in
883 4028 978 4086 domo
993 4043 1061 4086 sna.
1086 4023 1237 4086 Similiter
1256 4018 1398 4099 quiaquia
1421 4017 1460 4078 de
1483 4011 1628 4091 supernis
1652 4006 1805 4088 spiritual

111 4101 246 4162 donatus
260 4106 308 4161 cst
322 4105 434 4180 gratia,
453 4105 716 4184 perseverantiam
730 4105 850 4166 habens
871 4105 953 4167 inter
974 4107 1084 4166 turbas
1104 4120 1263 4170 curarum,
1281 4101 1364 4160 inter
1385 4094 1598 4158 detractiones
1627 4090 1806 4152 invidorum

112 4197 238 4241 currere
252 4180 346 4242 debet
361 4184 401 4243 ad
413 4184 581 4247 videndum
596 4186 715 4258 lesum,
732 4186 772 4247 ad
786 4186 1064 4265 contemplandum
1105 4185 1300 4245 salvatorem
1325 4196 1429 4250 suum,
1455 4184 1490 4235 ut
1513 4175 1544 4234 in
1567 4173 1663 4234 domo
1680 4167 1811 4250 pectoris

111 4259 416 4355 wimiiiaifflffl,
434 4265 590 4347 faciatque
605 4264 663 4339 illi,
680 4266 705 4327 si
721 4267 792 4345 plus
806 4286 868 4328 noa
885 4274 998 4346 potest.
1015 4267 1127 4327 saltem
1157 4263 1284 4323 boniac
1313 4258 1414 4320 lldelis
1437 4254 1591 4317 sermonis
1620 4249 1809 4316 convivium,

112 4359 188 4419 quaa
202 4358 304 4436 sermo
318 4341 420 4404 bonus
434 4364 528 4426 super
542 4348 650 4407 datum
667 4349 821 4427 optimum
836 4346 1010 4426 (Prourv).
1028 4345 1125 4423 lgitur
1140 4344 1222 4404 adsit
1235 4342 1313 4420 ipse,
1327 4339 1381 4420 qui
1397 4338 1480 4398 hunc
1491 4334 1653 4395 hominem
1669 4330 1810 4411 publica·

111 4439 187 4482 num
199 4421 286 4495 vsdst,
299 4429 330 4483 st
344 4425 478 4488 videndo
493 4427 672 4507 apostolum
689 4433 784 4508 atque
799 4428 1024 4506 evangelistam
1041 4424 1123 4485 lecit.
1140 4425 1177 4484 Et
1192 4430 1266 4484 tunc
1280 4422 1408 4483 demum
1424 4416 1508 4498 quod
1537 4413 1649 4492 exigis,
1671 4410 1810 4489 mihique

114 4518 180 4562 esse
194 4502 333 4581 optabile
348 4507 440 4579 sensi,
453 4509 593 4570 conabor
607 4508 742 4589 assequi,
760 4508 922 4589 proposita
944 4525 999 4588 sps
1019 4523 1162 4586 supernae
1178 4500 1411 4566 consolationis.

116 4644 1813 4680 --—...—....-...—.-.----—-—----

739 4759 925 4855 LIBER
957 4753 1202 4851 PRIMUS.

154 4970 233 5028 m
249 4968 559 5045 «Libergcneretionis
574 4974 644 5032 lesu
655 4972 763 5032 Christi
775 4969 825 5026 lilii
838 4969 939 5040 David,
996 4983 1062 5025 men
1078 4979 1179 5024 corum
1195 4962 1299 5030 Adam,
1315 4962 1346 5020 iu
1366 4961 1414 5019 die
1428 4961 1464 5018 de
1480 4975 1537 5032 quc
1551 4956 1642 5014 creati
1657 4958 1729 5013 sunt
1742 4952 1812 5026 (Ges.

117 5057 170 5114 sstii
187 5059 336 5115 Abraham
351 5060 455 5133 (latit.
473 5064 513 5136 1):
531 5085 545 5114 n
560 5062 636 5119 liber
646 5063 712 5133 iste,
730 5061 803 5117 liber
816 5057 942 5115 ecelesiis
995 5057 1135 5130 v).»Sicut
1149 5056 1261 5130 primus
1276 5050 1326 5109 ille
1342 5053 1428 5108 homo
1439 5050 1474 5106 ds
1489 5053 1577 5112 terre,
1595 5050 1731 5101 terrenus
1746 5064 1754 5112 ;
1770 5056 1816 5098 uo·

119 5154 205 5217 est3at
215 5155 334 5206 econtra
344 5149 418 5206 liber
433 5152 630 5225 generationis
644 5152 747 5219 Adam,
764 5148 838 5204 liber
853 5153 942 5203 terre·
995 5148 1136 5206 vissimua
1151 5161 1217 5201 vcro
1233 5128 1285 5199 isle
1301 5143 1336 5198 de
1350 5136 1584 5206 cmlc,coelcstis(l
1600 5134 1662 5191 Cor.
1677 5136 1744 5203 ιη»
1761 5128 1818 5186 :ite

121 5253 177 5295 nus
192 5239 286 5307 est,de
301 5255 359 5313 quo
374 5241 416 5297 sie
426 5241 568 5308 scriptum
581 5248 643 5297 est:
663 5259 679 5294 n
692 5239 742 5295 llio
752 5243 797 5295 est
809 5237 943 5309 liberge·
997 5237 1071 5293 liber
1082 5235 1130 5291 ille
1144 5232 1342 5308 generationis
1361 5228 1465 5294 Adam,
1478 5225 1555 5282 liber
1568 5230 1719 5289 terrenus,
1730 5221 1818 5279 eliste

6 5376 10 5389 ,
121 5328 282 5386 perationis
299 5329 390 5385 Adam
407 5330 436 5384 ia
448 5330 562 5401 dieque
578 5329 769 5385 creavitlleus
785 5326 944 5393 bominem,
999 5326 1072 5383 liber
1082 5323 1279 5397 generationis
1288 5322 1359 5378 lesu
1370 5313 1565 5382 Cbnisti,liber
1575 5318 1622 5370 est
1635 5311 1776 5370 celestis.
1791 5310 1818 5360 lt

121 5419 156 5473 ad
175 5417 400 5474 similitudinem
416 5416 466 5472 Dei
488 5417 557 5473 lecit
577 5416 672 5482 illum.
686 5415 852 5473 masculum
868 5420 897 5473 et
909 5417 947 5474 le-
1000 5414 1050 5471 illo
1064 5414 1140 5471 libro
1154 5417 1270 5471 terreno
1280 5425 1384 5468 omnes
1394 5404 1508 5479 reprobi
1523 5401 1626 5474 scripti
1641 5406 1727 5471 suast,
1739 5400 1820 5471 juxta

124 5506 235 5565 minam
251 5506 361 5563 creavit
375 5509 469 5578 ecs,ct
485 5505 633 5564 benedixit
648 5505 748 5574 illis,et
765 5507 878 5563 vocavit
893 5523 946 5566 no·
1001 5504 1072 5560 illud
1092 5520 1099 5558 ε
1116 5526 1130 5554 a
1147 5501 1280 5570 Domine,
1296 5514 1399 5557 omnes
1413 5493 1501 5569 quite
1516 5489 1742 5564 derelinquunt,
1754 5500 1820 5545 eon·
