3826 6014
69 206 130 271 ttt

395 202 601 267 CDMMENT.
624 198 669 264 IN
691 198 749 267 xil
769 196 914 263 PROPH.
938 196 1025 267 lilN.
1048 232 1088 249 -·
1109 200 1150 265 IN
1173 204 1283 271 titud.
1308 207 1382 270 LlB.
1405 208 1460 272 tlt.

1722 216 1783 279 bib

69 353 131 405 tem
143 344 258 412 accidit,
270 349 297 400 et
308 358 381 416 pene
392 342 421 398 in
435 358 489 398 usu
501 345 557 401 est.
567 346 599 397 ut
609 354 696 413 gener
705 341 808 395 contra
818 352 896 395 soce·
912 340 938 415 Α
954 337 1049 397 tribus
1064 339 1148 401 iuda
1159 342 1219 401 sive
1232 345 1408 417 Jerusalem,
1420 365 1484 419 quse
1494 349 1524 405 in
1539 351 1717 426 Babylonem
1727 357 1782 413 du·

70 453 148 504 rum,
161 443 190 492 ct
204 439 399 492 socercoutra
409 448 549 505 generum
566 438 728 502 separetur.
740 429 811 483 Cam
826 444 894 501 ergo

71 532 109 587 de
123 544 231 602 genere
246 527 350 593 tacuit,
367 527 392 583 si
407 527 475 597 quin
496 542 552 579 nou
570 527 641 579 adeo
664 523 770 578 mirum
792 520 834 576 vel
852 538 898 577 ra·

71 638 136 677 ruia
151 626 204 685 est,
223 618 332 675 idcirco
348 619 384 673 de
396 632 502 688 genero
514 615 616 681 tacuit,
632 631 685 670 eur
696 614 731 668 de
749 630 823 668 nuru
841 628 898 668 non

70 710 173 775 mouit,
189 725 257 765 cum
279 708 366 763 etiarn
394 721 500 761 nurarn
520 705 596 760 socri
617 719 681 759 esse
706 704 826 758 invisam
842 703 900 756 iare

71 802 214 857 usitatam
229 804 267 855 sit
283 799 313 853 in
325 803 450 863 tantum,
468 809 500 850 ut
511 797 592 851 dieas
607 793 754 860 Camicus,
772 792 901 865 quidest

72 889 155 947 hac?

204 1018 260 1035 .....
264 980 366 1038 omnes
381 991 475 1031 socrus
489 975 607 1031 ederunt
624 989 714 1029 nurus

217 1067 353 1139 (Tenens.
374 1066 484 1135 decan,
500 1068 556 1118 act.
577 1063 612 1128 ll,
628 1061 759 1127 sc.1,5.t

70 1160 114 1215 Ad
130 1164 191 1213 bisc
206 1157 370 1224 sciendum,
388 1156 460 1225 quia
483 1152 622 1223 superbia
637 1152 680 1206 vel
704 1147 903 1205 controversia

71 1247 171 1321 generi
189 1263 247 1301 aaa
264 1250 377 1301 tantuin
403 1244 472 1297 tacit
492 1245 535 1298 vel
563 1242 648 1296 babet
663 1237 903 1304 inordinationis,

71 1338 141 1410 quia
152 1336 288 1392 videncet
300 1349 404 1400 nurus,
417 1349 452 1387 ne
463 1343 564 1386 contra
574 1346 690 1386 socrum
703 1331 903 1398 consurgeret,

71 1428 127 1482 viri
144 1424 441 1492 sai,cuieecundu1n
458 1421 551 1493 legera
565 1420 697 1489 subjecta
712 1425 766 1487 est,
783 1423 860 1473 metu
874 1420 903 1472 ei

71 1517 237 1573 reverentia
252 1515 355 1570 debuit
370 1512 495 1568 coerceri
507 1529 514 1578 ;
531 1515 740 1577 generantem,
753 1509 808 1565 etsi
821 1507 903 1563 rixari

71 1604 213 1660 allectum
244 1603 341 1666 debet,
369 1607 464 1656 tamen
495 1599 706 1666 subjectionem
734 1612 790 1651 non
817 1596 903 1651 debet

955 433 1046 489 aenda
1061 440 1123 490 erat
1138 437 1261 509 captiva,
1278 440 1429 497 translatis
1446 441 1527 512 prius
1544 442 1573 499 in
1586 446 1723 517 Assyrios
1735 448 1785 503 de·
1838 472 1841 479 ¹

954 538 1017 578 cetu
1031 525 1365 600 tribubus,oontrsquas
1378 532 1726 609 precedensdeprompta
1737 543 1784 594 est

955 619 1109 671 sententia.
1122 618 1291 674 Meminisse
1301 637 1426 693 namque
1436 624 1705 693 oportetjodicium
1715 643 1780 685 esse

958 705 1084 774 Domini,
1095 713 1123 762 et
1134 708 1297 765 Semurium
1313 719 1342 765 et
1356 713 1519 769 ierusalem
1531 715 1686 785 dijudicari
1698 720 1734 773 ab
1746 734 1781 775 eo

956 791 1103 867 locaque
1130 800 1190 853 ait:
1220 799 1465 857 Audianimonter
1495 802 1631 868 iudicium
1658 808 1782 873 Domini,

956 887 983 938 et
988 886 1071 952 tortia
1081 886 1263 953 fundamenta
1272 893 1372 951 terrae:
1382 891 1592 959 qrciuiudiciurn
1601 894 1712 950 Domini
1717 911 1780 952 cum

955 974 1114 1044 populosae
1128 983 1154 1029 et
1168 992 1227 1031 cum
1240 978 1332 1033 lsrael
1346 978 1559 1046 dijudicabitur.
1577 983 1681 1050 Popute
1692 1001 1782 1053 meus,

958 1063 1024 1133 quid
1038 1063 1092 1130 feci
1106 1065 1169 1129 tibi,
1184 1076 1234 1120 out
1257 1066 1323 1139 quid
1337 1069 1467 1125 coniectae
1489 1071 1534 1140 sui
1556 1072 1608 1126 tibi
1619 1072 1632 1127 l
1643 1074 1783 1143 desponde

957 1151 1028 1206 mibi
1042 1154 1134 1219 (dieb.
1151 1157 1200 1226 vi),
1218 1161 1270 1210 etc.
1285 1157 1345 1212 Sub
1360 1157 1413 1214 boc
1423 1160 1534 1229 judicio
1550 1166 1690 1231 tanquam
1707 1164 1784 1221 dues

958 1256 1023 1297 reos
1048 1242 1189 1300 adductos
1213 1261 1278 1300 esse
1294 1245 1435 1317 diximus,
1453 1248 1587 1305 lsraelem
1612 1251 1781 1316 eliadam,

958 1329 1018 1386 sive
1033 1331 1193 1388 Samariam
1214 1332 1449 1406 impoenitentem
1464 1343 1492 1392 et
1508 1339 1672 1394 Jerusalem
1687 1341 1783 1412 poeai·

957 1423 1054 1478 tentiae
1070 1440 1154 1480 voces
1165 1427 1360 1491 emittentem,
1377 1433 1405 1482 et
1415 1445 1516 1500 supra,
1532 1431 1581 1485 abi
1594 1432 1637 1486 sic
1648 1432 1785 1504 incoepit:

960 1511 1030 1580 Quid
1040 1515 1282 1587 dignumofferom
1292 1515 1307 1570 i
1318 1518 1410 1587 (ibid.)
1424 1518 1452 1572 Et
1466 1519 1513 1574 bic
1525 1537 1628 1576 rursus
1641 1539 1648 1576 z
1663 1525 1723 1590 lt'po
1733 1539 1786 1577 cu·

958 1608 1014 1658 tem
1027 1604 1063 1658 ad
1079 1604 1234 1672 Dominam,
1246 1605 1352 1675 inarsit,
1368 1607 1514 1678 aspiciam,
1532 1616 1585 1664 etc.
1602 1610 1647 1664 Sic
1662 1609 1783 1668 omnino

70 1693 178 1765 (Etim-
195 1691 241 1764 v);
260 1696 289 1746 θῑ
302 1691 421 1751 ldssiiffl,
432 1691 456 1743 ⁸¹
474 1694 572 1743 welle
588 1702 723 1743 socerum
740 1691 768 1741 et
784 1699 899 1739 metum
920 1710 943 1776 Β
960 1693 1089 1748 loturum
1106 1703 1178 1759 erat,
1194 1702 1222 1749 et
1237 1695 1280 1750 sic
1296 1694 1404 1750 laetum
1421 1702 1465 1751 est
1482 1704 1512 1751 ut
1532 1697 1592 1753 bac
1613 1699 1700 1754 verba
1717 1714 1784 1769 pro·

72 1789 152 1839 tuam
165 1781 229 1852 coiij
238 1782 303 1853 agis
316 1786 451 1850 parentes
463 1795 527 1833 sese
538 1777 635 1848 erigit,
650 1794 706 1831 non
717 1778 787 1831 aleo
801 1773 903 1829 rivirum
960 1783 1073 1852 phetica
1084 1784 1214 1839 lotorum
1227 1800 1291 1840 esee
1303 1787 1549 1855 prenuntiabant.
1560 1787 1643 1843 Datis
1654 1805 1783 1861 namque

71 1872 116 1928 vel
131 1879 216 1940 turpe
230 1878 285 1927 est.
303 1872 385 1939 Apud
404 1868 572 1924 liattbeum
589 1866 732 1921 Dominus
749 1864 822 1935 ipsis
837 1879 903 1933 pvo-
957 1874 1111 1928 sententiis
1123 1880 1151 1928 et
1166 1874 1264 1930 danem
1278 1876 1416 1932 tribubus
1427 1876 1456 1931 in
1472 1878 1671 1951 Assyrios,lilii
1684 1888 1783 1936 autern

72 1963 168 2036 pbete
181 1958 570 2032 bujnsverbis,senteotiuui
585 1973 680 2027 magis
698 1955 788 2011 edicit
799 1971 806 2008 ε
817 1954 907 2010 Nolite
957 1961 1034 2018 luda
1049 1962 1078 2017 in
1095 1964 1269 2034 Religionem
1282 1967 1390 2031 ductis,
1401 1966 1617 2038 iileonptivitas
1633 1971 1666 2024 ad
1685 1968 1784 2025 Domi.

74 2051 225 2123 inquiens,
240 2048 383 2113 (arbitrari,
404 2050 470 2119 quia
491 2048 615 2102 verrerint
637 2061 732 2109 precem
752 2043 861 2099 mittere
875 2040 907 2099 in
960 2068 1029 2106 narn
1048 2069 1097 2123 per
1114 2055 1313 2123 praenuntiam
1331 2072 1389 2111 non
1405 2056 1606 2127 33p01113hffl0
1632 2060 1781 2114 „nemag

73 2145 187 2197 terrram.
206 2139 273 2194 Noa
296 2136 359 2193 ueai
372 2153 467 2209 pacem
483 2135 607 2200 mittere,
620 2135 667 2191 sect
683 2134 821 2201 piudium.
842 2133 907 2189 l'eai
960 2141 1118 2198 Dominum
1134 2145 1257 2216 aspexit,
1275 2149 1303 2200 et.
1317 2148 1496 2216 exspectavit
1510 2147 1668 2203 Dominum
1685 2148 1786 2206 Salva·

75 2232 150 2287 mim
174 2244 308 2291 'etiarm
333 2228 473 2284 blitildem
488 2226 619 2281 “dimili
642 2232 749 2294 limem
771 2238 864 2291 istim·
880 2227 907 2277 0²
961 2236 1051 2288 torem
1068 2250 1169 2300 suum,
1185 2239 1212 2288 et
1232 2235 1344 2290 audivit
1358 2252 1423 2291 eam
1440 2236 1517 2292 Deos
1538 2253 1621 2304 suus,
1638 2243 1666 2293 et
1689 2239 1787 2294 dicere

75 2320 167 2391 fitium
180 2319 309 2375 aduersus
324 2328 442 2373 matrem
457 2333 549 2381 suain,
562 2319 587 2372 et
602 2331 706 2370 nurum
722 2313 854 2370 aduersus
869 2329 909 2369 aa·
961 2322 1054 2393 potuit
1070 2331 1171 2378 eontra
1193 2323 1379 2396 babylonem,
1397 2342 1463 2397 quae
1477 2343 1542 2382 earn
1568 2329 1785 2398 captivaverat:

76 2407 347 2476 numennumen
369 2407 407 2479 x).
420 2438 452 2448 -
464 2407 494 2461 lit
506 2403 618 2461 inimici
627 2402 748 2459 iaominis
760 2402 908 2459 domestici
961 2410 999 2465 lle
1015 2411 1132 2478 interis,
1149 2414 1266 2468 inimica
1290 2431 1361 2480 mea,
1373 2431 1456 2487 super
1470 2432 1514 2471 me
1527 2418 1593 2487 qaia
1607 2416 1704 2487 cecidi,
1720 2433 1786 2472 crin-

75 2494 908 2572 ciunouidigitur‘iNuoquidSalvatorbuciubominibus
960 2515 1083 2569 sarpam.
1101 2501 1134 2555 ut
1159 2501 1229 2573 quid
1247 2505 1343 2557 verius
1366 2520 1399 2559 eo
1424 2506 1500 2577 quod
1522 2507 1583 2562 ait:
1600 2506 1667 2562 Cum
1689 2506 1788 2562 sedero

79 2590 174 2647 tacere
198 2589 288 2655 venit,
305 2587 382 2659 qaino
399 2592 467 2642 anta
491 2587 649 2641 adventum
675 2599 763 2639 soom
780 2598 832 2654 per
847 2597 911 2653 pra·
961 2592 991 2643 ra
1006 2589 1141 2655 tenearis,
1159 2590 1289 2646 nominas
1301 2592 1350 2648 tue
1363 2609 1425 2649 meo
1439 2597 1501 2649 est?
1516 2593 1570 2650 Ubi
1587 2611 1715 2667 namque
1732 2595 1787 2650 ulii

76 2678 196 2750 phetam
209 2678 239 2733 in
252 2678 422 2732 hominibus
433 2674 618 2746 reprehendit
627 2673 640 2728 ‘i
649 2673 733 2729 Absit
744 2673 809 2728 hee·
821 2670 908 2727 Aliud
961 2681 978 2732 J
981 2678 1037 2731 uda
1049 2677 1225 2748 captivitatis
1235 2690 1258 2734 et
1272 2681 1405 2736 muueris
1417 2682 1725 2751 tenebrassubierunt‚
1736 2683 1791 2739 bu·

76 2767 340 2825 estbominesadio
352 2766 472 2839 peccati,
485 2763 659 2838 atquealiud
676 2764 743 2820 odio
754 2761 909 2817 bominum
963 2767 1048 2823 miles
1063 2772 1091 2822 et
1106 2768 1342 2840 contemptibiles
1358 2769 1425 2824 lacti
1444 2769 1474 2824 in
1490 2776 1645 2843 conspecta
1662 2770 1787 2843 Dabplo-

79 2853 911 2933 separaritttadodium,quoodimuspeecatahominum
962 2857 1090 2923 nicrum,
1107 2874 1173 2912 ecce
1188 2857 1330 2914 Dominus
1345 2858 1394 2914 lux
1409 2876 1510 2915 eorum
1528 2861 1592 2924 luit,
1609 2860 1659 2915 lux
1674 2859 1787 2915 illumi·

74 2951 196 3017 bonum,
213 2950 273 3006 imo
286 2949 447 3021 perlectum
464 2952 518 3012 est,
535 2948 613 3018 qood
628 2945 803 3018 predicatur
816 2941 909 2999 inille
964 2964 1039 3003 nans
1054 2947 1204 3002 lucernam
1216 2964 1268 3020 per
1282 2948 1406 3020 gratiam
1420 2949 1621 3021 propheticam
1636 2964 1726 3022 quam
1742 2966 1793 3021 po·

75 3039 184 3112 psalmi
209 3037 373 3097 versiculo:
398 3038 492 3094 Noritae
517 3036 567 3108 gui
590 3035 706 3091 oderunt
727 3043 763 3101 te,
780 3031 912 3106 Domine,
966 3042 1146 3108 neretsaper
1157 3035 1366 3093 candelabrum
1379 3040 1529 3095 utluceret
1543 3039 1693 3105 omnibus,
1704 3044 1733 3095 et
1745 3054 1792 3095 re·

74 3131 243 3197 odernensi
256 3144 338 3199 super
351 3126 481 3183 inimicos
498 3130 558 3181 tuos
570 3124 760 3181 tabescebam?
785 3123 909 3194 Perfecto
964 3126 1010 3199 gis
1024 3125 1339 3192 Nabuchodonosor,et
1348 3128 1487 3184 omnibus
1497 3128 1548 3201 qui
1557 3130 1683 3200 inregno
1695 3129 1791 3201 ipsius
1891 3128 1894 3133 ’

73 3221 135 3276 odio
148 3220 264 3275 omrem
278 3217 427 3289 iiioril'aai
442 3232 593 3283 cxxxviiii.
605 3214 688 3270 lllius
703 3211 762 3269 odii
775 3211 909 3284 gladium
963 3220 1056 3282 erant,
1073 3215 1250 3272 adversariis
1264 3216 1382 3289 quidem
1400 3233 1500 3272 eorum
1525 3218 1560 3273 ad
1586 3217 1788 3274 conluuionem

76 3316 105 3365 et
115 3308 331 3382 superationem
342 3307 475 3364 salvator
485 3307 601 3362 mittere
611 3304 655 3360 vel
673 3305 767 3359 iacere
778 3302 865 3365 venit,
878 3308 911 3357 ut
962 3310 991 3361 et
1017 3305 1203 3376 opprobium,
1220 3305 1293 3377 ipsis
1318 3311 1417 3362 autem
1441 3309 1476 3363 ad
1502 3307 1734 3363 consolationem
1759 3310 1789 3363 et

75 3399 127 3473 qui
143 3398 308 3471 discipulus
324 3399 389 3468 ejus
411 3414 476 3453 esso
495 3395 587 3466 cupit,
603 3393 749 3449 neminem
772 3391 909 3463 aspiciat,
962 3393 1115 3467 gaudium.
1131 3395 1278 3451 Danielem
1296 3394 1445 3467 loquimur
1460 3400 1489 3451 et
1508 3398 1604 3452 socias
1624 3397 1698 3467 ejas,
1715 3410 1792 3468 quo-

75 3488 239 3561 quamlibet
250 3489 448 3560 propinquum
459 3484 665 3540 adversantem
679 3481 735 3537 sibi
746 3481 776 3538 in
790 3482 835 3537 via
848 3480 918 3540 Dei.¹
963 3500 1029 3539 rum
1046 3483 1272 3541 illuminationis
1283 3486 1335 3540 boc
1346 3485 1464 3539 initium
1477 3485 1541 3548 luit,
1554 3485 1629 3554 quod
1641 3485 1787 3540 somnium

77 3583 164 3640 Porro
178 3582 249 3638 illud
262 3581 375 3647 odium,
386 3575 729 3651 quosanguisquaeritur
741 3572 910 3641 homiuum,
963 3574 1041 3644 regis
1056 3579 1085 3630 et
1100 3573 1374 3645 interpretationem
1392 3577 1457 3644 ejus
1474 3573 1544 3643 ipsis
1559 3574 1721 3640 arantibus,
1737 3572 1796 3628 Da·

74 3674 120 3728 vel
143 3672 229 3727 bonis
249 3669 407 3734 invadetur,
425 3665 641 3722 homicidarum
670 3672 723 3718 est.
741 3661 824 3717 lilius
850 3660 910 3717 odii
963 3662 1032 3717 nieli
1049 3660 1271 3733 revelavit,quae
1284 3662 1380 3733 prima
1392 3678 1483 3717 causa
1496 3661 1555 3717 illis
1567 3661 1678 3717 exstitit
1689 3676 1795 3716 conso·

77 3759 293 3833 separationem
311 3774 360 3828 per
385 3757 463 3812 bunc
479 3755 653 3827 prophetem
672 3751 749 3807 idem
768 3748 911 3807 Dominus
962 3751 1079 3807 lotionis
1091 3751 1264 3818 ethonoris,
1276 3753 1420 3807 intantum
1434 3756 1466 3806 ut
1480 3767 1533 3807 ren
1547 3750 1793 3807 ll'abuciodonoror

77 3844 495 3922 mprebendit,quiavidelicet
507 3859 601 3914 praec
613 3840 690 3912 quod
703 3842 911 3911 separaverant
963 3843 1077 3900 eederet
1100 3842 1132 3898 in
1147 3844 1246 3915 faciem
1260 3860 1351 3909 suam,
1366 3849 1392 3899 et
1414 3842 1558 3898 passerem
1578 3842 1725 3907 adoraret,
1742 3842 1793 3914 pm·

79 3956 111 3997 se
125 3956 143 3997 a
157 3940 246 3995 domo
262 3936 362 4004 David,
374 3934 472 3990 traditi
490 3935 603 3988 luerent
620 3928 738 4003 spiritui
754 3928 910 3983 discordia
962 3942 988 3990 ea
1002 3934 1104 3989 nostias
1118 3941 1145 3988 et
1157 3935 1299 3989 incensum
1310 3931 1443 4003 pracepit
1454 3932 1560 4004 enervi,
1573 3939 1603 3987 ut
1614 3929 1794 3986 sacrificare·

78 4036 106 4088 et
120 4029 288 4095 seditionis,
304 4026 382 4081 siout
402 4031 430 4081 et
455 4028 525 4080 ante
550 4020 598 4077 illu
625 4024 760 4089 tempora
775 4016 908 4089 contigit,
964 4023 1011 4069 tur
1022 4016 1057 4070 ei.
1075 4016 1148 4069 tuoe
1162 4013 1193 4069 in
1207 4013 1327 4069 sublime
1341 4013 1425 4070 elium
1443 4011 1557 4079 extulit,
1568 4020 1593 4068 et
1604 4027 1721 4067 munem
1735 4026 1796 4066 ma·

79 4121 199 4194 quaudo
219 4118 438 4175 constituerunt
457 4127 593 4185 superse
621 4110 726 4165 ducem
742 4105 909 4165 abimelech
962 4121 1018 4174 poa
1037 4111 1063 4160 et
1077 4104 1166 4158 muita
1190 4102 1264 4158 dedit
1287 4101 1325 4168 ei,
1340 4110 1366 4157 et
1388 4103 1531 4158 constituit
1552 4117 1615 4157 eum
1637 4098 1792 4172 principem

78 4209 173 4266 lilium
184 4206 330 4274 leroboal,
342 4205 391 4275 qai
407 4219 511 4259 omues
522 4202 627 4256 iratres
640 4215 709 4255 suos
723 4197 911 4269 septuaginta
963 4210 1043 4265 super
1055 4208 1149 4248 omnes
1163 4191 1321 4263 prouinciae
1342 4192 1503 4263 Babylonis,
1515 4195 1541 4246 et
1554 4191 1717 4263 prefectum
1732 4205 1794 4245 ma·

77 4301 155 4357 viros
179 4295 336 4355 interiecit.
354 4293 435 4350 Unde
459 4291 601 4361 scriptum
627 4293 689 4344 est:
712 4286 838 4358 dirique
858 4287 908 4343 Do·
963 4284 1132 4353 gistratuum
1146 4298 1230 4352 cuper
1240 4287 1351 4337 cunctos
1361 4283 1501 4351 rapientes
1517 4279 1677 4352 Babylonis.
1691 4277 1794 4335 Daniel

75 4393 171 4445 minus
191 4388 325 4458 spiritum
338 4385 489 4455 pessimum
504 4377 748 4436 interstitionem
762 4382 788 4432 et
803 4375 910 4432 babitu·
963 4379 1056 4427 autem
1071 4372 1245 4443 postulanda
1259 4386 1332 4437 repe,
1345 4374 1372 4427 ei
1385 4370 1528 4427 coriatituit
1538 4386 1622 4441 cuper
1636 4385 1717 4441 opera
1728 4384 1794 4441 pro·

75 4480 147 4533 tores
163 4475 282 4541 Sionem,
297 4475 499 4546 intemperant
517 4465 907 4534 eurodeterioraberunt.
925 4444 948 4509 ὓ
962 4464 1066 4520 uinciae
1094 4461 1256 4533 coeptura,
1285 4459 1410 4525 Sidrucb,
1442 4460 1557 4526 elisacii,
1587 4468 1611 4515 et
1647 4458 1792 4530 Abdeuupc

77 4568 234 4639 Sequitur:
254 4567 310 4634 tipo
324 4571 416 4619 autern
434 4560 468 4615 od
489 4559 638 4615 Dominum
653 4555 800 4623 aspiciam,
817 4559 843 4611 et
857 4570 908 4611 ee·
964 4553 1045 4624 (Dan.
1060 4550 1166 4623 11),qu
1181 4549 1367 4621 postmodum
1392 4549 1476 4605 missi
1495 4548 1525 4604 in
1550 4550 1697 4605 fornacem
1713 4547 1792 4620 ignis

77 4658 203 4728 spectabo
226 4655 314 4711 Deum
336 4649 508 4707 Saiuotorem
536 4662 640 4701 insuia.
661 4643 762 4699 Audiet
782 4659 823 4699 me
839 4644 909 4700 Deae
965 4641 1107 4710 ardentis,
1119 4652 1148 4695 et
1160 4639 1242 4695 illesi
1255 4638 1441 4695 ambulantes
1452 4637 1481 4693 ia
1495 4638 1685 4707 medioigais,
1698 4636 1795 4694 Nabu-

77 4761 166 4802 meur.
188 4744 225 4800 lle
239 4740 354 4807 laeteris,
371 4740 487 4795 iniraico
514 4750 585 4804 inea,
601 4748 684 4804 super
699 4749 743 4789 me
757 4734 825 4803 puio
838 4731 908 4787 ceci·
964 4731 1150 4788 obodoaosor
1173 4730 1307 4784 dicente:
1323 4729 1390 4784 Ecce
1402 4744 1451 4800 epo
1477 4728 1554 4785 uideo
1578 4729 1653 4784 uiros
1674 4731 1795 4798 quattuor

78 4837 119 4903 di,
135 4849 308 4905 consurpam.
326 4830 394 4886 cum
407 4829 502 4884 redere
519 4827 548 4883 in
562 4823 694 4890 tenebris,
710 4821 842 4877 Dominus
858 4822 911 4879 iau
963 4822 1067 4878 solutos
1082 4818 1257 4875 ambutantes
1274 4834 1303 4872 aa
1318 4818 1406 4873 medio
1417 4817 1504 4890 ignis,
1517 4827 1543 4873 et
1557 4817 1629 4873 nibil
1641 4815 1670 4872 in
1682 4818 1722 4873 eis
1732 4831 1796 4873 cor·

80 4942 143 4982 meo
156 4928 207 4980 est.
223 4925 302 4978 iram
321 4917 432 4975 Domini
445 4915 568 4988 portabo,
585 4913 716 4984 quoniam
731 4911 843 4982 peccaui
868 4912 906 4981 ei,
963 4912 1100 4981 ruptionis
1116 4917 1168 4977 eat,
1183 4915 1209 4964 et
1231 4906 1331 4978 speum
1354 4905 1449 4978 quarti
1471 4908 1574 4963 similis
1588 4912 1629 4963 est
1644 4906 1719 4962 Filio
1737 4905 1793 4962 Dei

78 5015 163 5071 dcam
177 5013 278 5082 iudicet
292 5024 405 5066 cuasam
421 5021 519 5070 meam,
535 5005 563 5057 et
576 5001 662 5072 iaciat
676 4998 823 5068 iudicium.
835 4999 907 5056 Edu·
963 5001 1045 5069 (Dan.
1062 5000 1116 5070 nr).
1142 4997 1274 5053 Proiecto
1301 4995 1388 5052 aliam
1405 4995 1511 5052 divinae
1536 4996 1679 5052 claritatis
1694 4995 1790 5053 lucem

78 5110 120 5161 eet
133 5120 174 5161 nie
189 5103 220 5159 in
236 5103 335 5166 iucem,
354 5097 450 5155 videbo
461 5091 587 5168 justitior
602 5090 713 5161 eiua-u
727 5090 842 5160 aspiciet
856 5089 909 5147 ini·

77 5197 152 5250 mua
165 5209 238 5258 mea,
251 5199 277 5247 et
289 5189 430 5261 operietur
449 5182 614 5256 confusione
635 5192 698 5248 quae
712 5177 781 5233 dicit
796 5179 831 5233 od
843 5194 906 5235 me:

79 5284 131 5341 libi
144 5290 183 5339 eet
207 5281 341 5337 Dominus
355 5277 424 5333 Deua
446 5274 536 5330 tuus?
558 5267 641 5329 Oculi
656 5268 710 5323 mei
724 5266 854 5323 videbant
878 5272 908 5325 itt

76 5388 150 5440 eum,
172 5386 247 5427 auae
271 5369 325 5425 erit
339 5368 370 5422 in
383 5364 618 5420 conculcationem
639 5367 669 5412 ut
693 5356 783 5413 tutum
797 5358 907 5426 platea·

75 5478 152 5518 ram.
176 5458 329 5517 ldaoiieete
349 5455 411 5513 hec
425 5455 514 5510 verbs
538 5456 608 5506 suut
623 5445 789 5504 confitentis
804 5451 833 5503 et
844 5463 909 5519 spe·

77 5552 186 5624 ambe,
201 5553 232 5610 et
255 5545 371 5624 prolata
391 5547 462 5607 aaut
476 5558 531 5616 pec.
542 5536 716 5614 poseium
739 5535 770 5599 ia
785 5552 909 5610 puteat

964 5087 1203 5162 proluderuatad
1219 5084 1447 5141 consolationem
1465 5087 1585 5153 suimet,
1598 5089 1626 5142 et
1640 5082 1792 5158 concapti-

962 5194 1065 5236 vorum
1078 5177 1201 5233 iratrum
1216 5190 1338 5231 suorum
1354 5173 1535 5232 iudeorum.
1552 5176 1660 5233 Caetera
1674 5190 1791 5247 quoque

964 5268 1070 5327 deinde
1090 5264 1166 5323 circa
1182 5264 1249 5320 illos
1262 5265 1387 5322 maxime
1408 5283 1459 5339 per
1475 5266 1621 5325 Danielem
1646 5264 1793 5322 celebrata

965 5353 1791 5427 mirabiliatantatemquepraeclaraiuerunt,etvisiones

964 5446 1185 5521 quasvidittam
1197 5442 1789 5518 magnatamqueepleudideexstiterunt

965 5539 998 5595 ut
1012 5534 1148 5595 dubitare
1163 5549 1222 5591 noa
1238 5538 1371 5606 oporteat
1386 5533 1457 5591 illuc
1476 5533 1622 5605 pertinere
1635 5528 1713 5603 quod
1728 5527 1788 5587 ait:
