3826 6014
38 52 41 57 ’
93 66 98 77 “
141 80 202 143 ιιι
255 52 260 59 ’
695 77 864 142 stoream
885 77 1052 140 sanaris
1073 76 1293 141 hunniensis
1444 30 1448 45 ¹
1787 84 1848 146 no

141 215 257 271 undeet
270 213 469 271 anteavidens
480 211 862 285 civitatem,lleveratsuper
873 212 965 279 illam,
979 217 1006 283 Ἀ
1022 213 1133 269 cando:
1149 213 1208 269 Non
1222 220 1340 283 estpars
1361 214 1439 271 aedis
1465 212 1495 271 ia
1508 214 1596 271 hasen
1615 216 1668 288 (hi
1696 218 1758 289 llep.
1783 221 1849 291 ιιιι),

140 310 169 361 ot
180 304 359 362 illatristitia
373 303 433 359 sive
447 303 533 358 lictus
544 308 649 359 eratax
661 320 747 359 corne
760 303 887 372 infirma,
898 320 967 358 nem
1021 306 1109 374 atque
1124 302 1277 358 serviendo
1291 302 1388 359 aureis
1399 304 1510 374 vitulis,
1524 309 1552 360 et
1563 305 1668 362 deinde
1681 307 1846 363 secundum

141 394 265 468 spiritns
282 398 435 466 promptus
453 400 523 462 erat,
540 392 637 449 sciens
655 410 710 448 non
727 409 791 448 esse
804 393 967 448 curandum
1022 391 1851 470 persuasionempuntilicnmdenegandoetcrucifigendo

141 486 177 542 de
189 482 371 553 carnalitate,
383 482 433 537 sed
447 482 795 554 desolnjustitindivina.
808 483 968 555 Dicatergc
1022 480 1169 536 Christum
1187 482 1291 537 Filium
1315 482 1378 538 Dei.
1401 482 1483 538 Dicat
1501 500 1579 555 ergo,
1602 492 1632 539 ut
1643 485 1707 555 jam
1733 486 1847 558 praelati

142 575 266 648 spiritus
288 576 443 644 promptus
461 574 559 628 curnis
583 571 721 629 infirme:
740 574 777 628 Tu
791 573 865 629 doles
886 589 969 646 snper
1022 587 1136 641 sumus,
1153 571 1273 643 spiritus
1298 576 1453 644 promptus
1469 573 1592 628 infirme
1608 573 1697 631 carni.
1716 577 1753 630 Tu
1772 575 1850 632 doles

59 704 62 709 -
139 662 308 719 bederomia
323 678 376 733 qua
392 678 446 717 non
463 661 607 727 laborasti,
623 664 811 735 raeqaefreisti
823 672 853 718 at
865 679 969 718 cresce·
1022 676 1105 731 saper
1119 660 1263 731 laederem,
1280 660 1307 715 id
1325 665 1473 733 estsuper
1497 662 1659 734 propinqua
1684 668 1736 720 tua
1761 669 1851 737 gente

140 761 192 819 rot,
205 755 259 806 etc.
271 750 399 822 Denique
411 755 473 806 tcta
484 750 672 823 pulchritudo
684 751 859 818 civitatis‚ot
870 750 969 807 cultus
1022 751 1039 803 J
1043 749 1136 820 udan,
1152 753 1180 804 et
1194 765 1247 819 ego
1264 766 1322 804 non
1338 766 1455 821 parcam
1472 749 1573 805 Ninive
1589 750 1700 806 civitati
1724 768 1848 823 magnae,

140 841 243 914 templi
261 840 395 911 speciosi,
411 840 496 911 quasi
512 841 619 896 hedera
636 857 687 912 pro
698 857 786 910 parvo
802 839 904 895 haberi
919 841 968 895 de·
1024 854 1080 893 non
1097 838 1254 911 providebo
1280 837 1370 894 saluti
1395 840 1528 911 gentium
1558 840 1586 893 in
1604 844 1662 895 tclc
1686 841 1768 909 orbe,
1784 859 1849 913 qam

141 930 206 988 buit
219 930 248 986 in
265 934 422 1001 conspectu
436 928 612 996 Divinitatis‚
626 947 676 1000 pro
686 946 743 1001 qun
754 929 855 1001 utique
872 934 971 985 noster
1023 927 1170 999 ignorant,
1184 928 1343 983 eterrantl
1354 927 1661 1001 Moltnnnmquesunt
1673 930 1850 1002 ingentibus

141 1021 245 1091 Jonas,
264 1019 291 1074 id
308 1024 353 1075 est
368 1018 505 1075 columba
520 1019 579 1074 sive
594 1018 840 1075 dolensChristus
853 1036 909 1075 ncn
922 1018 968 1074 la·
1024 1015 1114 1071 millia
1130 1016 1280 1071 hominum
1298 1017 1347 1089 qui
1366 1017 1400 1071 nd
1418 1016 1578 1072 simulacra
1593 1023 1675 1074 muta
1692 1023 1779 1091 prout
1794 1019 1853 1074 du·

27 1084 48 1165 ..
141 1111 265 1167 beravit.
283 1109 384 1179 Neque
398 1108 478 1163 enim
490 1107 598 1163 idcirco
614 1114 691 1164 Deus
702 1108 791 1163 homo
805 1110 900 1164 tactus
914 1115 967 1176 est,
1023 1110 1146 1174 cuutur3
1164 1109 1246 1171 eunt,
1260 1122 1317 1160 non
1334 1123 1385 1177 per
1397 1105 1550 1178 malitiam,
1571 1107 1621 1163 sed
1638 1123 1691 1179 per
1708 1108 1850 1178 ignoran-

141 1197 335 1270 leberemque
350 1197 440 1253 subiit
455 1196 613 1269 passionis,
631 1199 702 1252 utin
720 1196 768 1253 tuli
785 1196 893 1268 templo
909 1197 969 1253 sive
1023 1193 1142 1261 tiam,et
1153 1193 1313 1249 sineduhic
1325 1194 1386 1249 rins
1398 1211 1467 1250 suas
1478 1194 1659 1267 corrigerent
1669 1197 1694 1251 si
1707 1196 1853 1253 haberent

141 1285 173 1342 ln
190 1286 248 1342 illis
263 1284 438 1359 gloriaretur
451 1290 502 1340 aut
517 1287 697 1357 requisceret
712 1284 880 1341 eternalibus
895 1290 968 1341 tem·
1023 1282 1154 1339 veritatis
1171 1283 1317 1351 notitiam,
1331 1284 1355 1338 si
1371 1292 1522 1339 ostensum
1540 1284 1627 1340 luerit
1642 1284 1704 1342 illis
1725 1285 1797 1358 quid
1811 1286 1852 1342 sit

145 1375 185 1448 pli
201 1373 393 1445 ceremoniis,
416 1374 466 1430 sed
483 1375 592 1430 idcireo
617 1379 649 1430 ut
668 1372 794 1431 salvaret
808 1374 921 1443 Ninive,
938 1380 971 1431 ιιι
1023 1357 1099 1427 inter
1114 1372 1246 1428 dextram
1262 1380 1291 1428 et
1316 1372 1468 1428 sinistram
1492 1389 1589 1441 suam,
1606 1374 1637 1430 id
1652 1378 1696 1429 est
1711 1374 1785 1430 inter
1802 1374 1852 1430 Dei

144 1465 284 1538 passione
299 1481 353 1519 sua
369 1463 521 1519 redimeret
541 1464 683 1519 mundum
710 1465 872 1520 seeundum
887 1464 968 1520 illnm
1023 1461 1173 1518 veritatem
1190 1467 1218 1517 ct
1234 1461 1390 1518 hominum
1405 1463 1600 1520 mendacium.
1613 1463 1693 1528 Quod
1706 1463 1856 1535 quianon-

144 1552 294 1611 DeiPutris
310 1553 510 1626 propheticam
522 1568 618 1608 vocem
630 1570 636 1607 :
647 1555 786 1609 Postetoa
796 1571 850 1621 rna,
863 1563 888 1610 et
900 1554 969 1610 dabo
986 1587 1008 1651 B
1023 1550 1094 1605 dum
1106 1549 1331 1615 sciunt,similes
1344 1556 1415 1607 sunt
1425 1551 1557 1623 puerulis
1569 1553 1618 1624 qui
1630 1570 1688 1624 pre
1698 1551 1854 1608 imbecilli·

143 1644 197 1701 tibi
216 1647 309 1714 pentes
332 1643 520 1698 hereditatem
536 1647 624 1712 tracia,
641 1645 666 1697 ει
681 1645 879 1713 possessionem
893 1648 970 1698 tuam
1024 1636 1084 1696 tata
1099 1639 1228 1695 inlnntiae
1241 1641 1377 1696 nesciunt
1393 1640 1464 1712 quid
1477 1641 1760 1707 sitinterdextram,
1779 1641 1857 1697 etsi-

143 1734 275 1790 termiuos
291 1737 377 1790 terrae
392 1732 477 1804 (Psal.
494 1734 535 1803 ιι).
551 1733 606 1787 Sed
620 1748 672 1786 aee
692 1732 796 1802 saciati,
816 1733 923 1804 inquit,
940 1736 971 1787 ιιι
1026 1729 1149 1786 histrum
1165 1745 1261 1799 sunm,
1275 1729 1359 1785 idest
1374 1745 1438 1801 qus
1454 1746 1570 1796 manus,
1587 1736 1686 1786 utrum
1702 1731 1803 1786 dextra
1816 1747 1854 1785 an

143 1831 274 1879 cresceret
287 1822 380 1890 lrarrba,
397 1821 480 1876 idest
493 1838 542 1877 nec
553 1821 673 1892 exegisti
686 1833 716 1876 ut
731 1822 784 1877 tibi
796 1823 971 1878 ollarrentur
1026 1821 1147 1877 sinistra
1161 1819 1303 1875 valentior
1317 1826 1345 1875 et
1361 1820 1429 1875 usui
1453 1821 1574 1876 cuilibet
1599 1822 1696 1893 aptior
1715 1826 1764 1888 sit,
1781 1821 1851 1893 quia

144 1912 291 1985 ejusmodi
308 1910 430 1967 victime
445 1916 474 1967 et
488 1911 672 1976 holocausta,
685 1911 770 1982 juxta
787 1911 857 1966 illud
873 1913 971 1968 hiere·
1026 1911 1157 1966 nondtim
1174 1920 1238 1964 sunt
1256 1910 1377 1981 experti,
1399 1909 1551 1981 aequaliter
1577 1911 1657 1967 enim
1683 1911 1780 1966 adhue
1800 1927 1852 1983 pro

145 2002 207 2058 mie
222 2017 229 2059 ι
247 1999 507 2071 consummana,
525 2002 573 2065 ait,
593 2017 656 2056 curn
673 2001 799 2072 patrebus
823 2005 932 2073 nestris,
947 2011 972 2058 et
1025 2003 1166 2071 tempore,
1177 2001 1247 2071 quia
1258 2001 1485 2071 nuperdevulva
1497 2002 1677 2072 prodierunt,
1694 2007 1852 2073 utrumque

145 2109 203 2147 non
219 2093 342 2162 praecepi
357 2092 396 2146 eis
407 2090 437 2144 in
449 2089 493 2144 die
503 2107 557 2161 qna
568 2090 654 2145 eaiuci
663 2090 749 2145 coede
765 2095 839 2145 terra
850 2093 970 2163 AEppptt,
1026 2088 1221 2156 brachiolum,
1238 2095 1360 2162 utraque
1374 2107 1480 2146 uranus
1490 2093 1610 2146 cannino
1627 2090 1783 2147 imbecillis
1795 2096 1850 2147 est.

144 2180 174 2235 a
186 2179 265 2234 verbo
279 2179 529 2234 holocautomatum
545 2186 571 2233 et
586 2178 764 2232 victirnaram
775 2180 824 2234 saal
835 2179 883 2233 boe
898 2194 971 2246 prm·
1026 2178 1142 2235 'lelium
1160 2179 1226 2250 plus
1243 2196 1329 2250 qnam
1347 2197 1400 2234 cxx
1416 2179 1509 2234 millia
1525 2190 1606 2236 erant
1623 2181 1651 2236 in
1671 2181 1719 2235 illn
1735 2181 1851 2252 Ninive,

146 2269 208 2338 cepi
226 2268 265 2322 eis
280 2268 393 2323 aliseos:
410 2267 508 2322 dioclite
534 2284 626 2322 coeam
650 2284 752 2334 meiana,
778 2278 805 2323 et
827 2285 874 2324 ero
896 2252 973 2324 aubis
1026 2274 1126 2341 utpote
1137 2269 1377 2339 civitatemagna.
1388 2269 1472 2339 Nam,
1484 2287 1550 2325 cum
1561 2270 1745 2343 essetanipla
1760 2269 1851 2326 trium

145 2358 215 2413 bees
228 2357 294 2428 (ter.
312 2359 371 2427 ιιι),
391 2361 445 2412 etc.
461 2357 611 2427 Eiusmodi
625 2356 731 2413 hedera
745 2359 800 2414 sub
816 2365 897 2415 nocte
915 2376 973 2415 una
1027 2361 1139 2416 dierum
1153 2362 1268 2426 itinere,
1295 2378 1351 2415 non
1378 2361 1549 2417 incredibile
1569 2367 1613 2417 ast
1638 2366 1752 2416 tantiam
1769 2360 1800 2415 in
1817 2376 1851 2416 en

146 2451 282 2515 palaest,
294 2449 457 2502 etsubuna
470 2448 564 2517 periit,
580 2464 650 2520 qum
661 2447 795 2503 videlicet
808 2449 864 2503 cita
879 2450 971 2520 legem
1028 2453 1118 2507 luisse
1132 2451 1362 2517 niiiltitudinem,
1375 2452 1471 2506 solum
1481 2452 1566 2506 modo
1576 2450 1798 2523 parvulorumet
1809 2449 1850 2505 la·

150 2538 279 2610 depulus
295 2537 342 2593 ille
358 2540 476 2610 recepit,
488 2541 610 2594 dicendo
622 2556 628 2594 :
641 2539 740 2596 Ornata
750 2559 810 2610 qaae
821 2542 925 2596 locutios
934 2545 973 2596 est
1028 2542 1183 2603 ciantium,
1195 2540 1256 2612 qui,
1273 2541 1348 2596 sicut
1356 2543 1416 2609 jain
1431 2540 1540 2596 dictum
1552 2546 1605 2605 est,
1617 2540 1729 2595 utillum
1744 2539 1852 2595 dextrae

20 2650 24 2655 ¹
73 2672 77 2677 .
144 2626 278 2684 Dominus
292 2630 432 2700 faciemus
446 2637 473 2684 rt
487 2630 592 2685 arianus
614 2629 766 2686 obedientes
785 2630 871 2701 (deod
885 2631 972 2702 ιιιιιι).
1028 2628 1853 2700 etsinistraasuar,quanamampliusvalcrent,ceperant

90 2710 93 2715 ’
144 2718 206 2774 Cito
223 2716 360 2784 deseruit,
375 2720 504 2789 primum
521 2719 671 2791 sequendo
688 2719 873 2786 Hieroboam,
885 2725 913 2775 et
929 2720 972 2774 dl·
1028 2719 1272 2788 experimentum.

148 2839 1212 2882 m

240 2932 568 3026 PROLOGUS
608 2934 872 3026 RUPERTl
908 2933 971 3026 ΙΝ
1014 2932 1324 3026 MICHAEAM
1363 2933 1756 3027 PROPHETAM.

189 3108 269 3164 192
288 3102 435 3163 blichoeas
451 3109 558 3163 sextus
572 3103 604 3162 in
620 3102 731 3163 ordine
754 3104 921 3164 duodecim
948 3103 1176 3183 prophetarum
1202 3104 1376 3165 seeundum
1392 3122 1507 3165 nomen
1524 3123 1628 3177 suum,
1655 3105 1740 3182 quod
1756 3106 1853 3165 inter-

144 3191 288 3262 pretatur
303 3183 467 3249 transilitas,
481 3184 512 3242 in
529 3183 627 3242 oculis
643 3183 707 3243 suis
723 3184 817 3243 larissa
833 3185 961 3244 humilis
976 3185 1151 3245 credendus
1167 3191 1224 3243 est.
1242 3186 1427 3262 lllysterinm
1444 3204 1580 3262 namque
1596 3187 1720 3244 venturi
1736 3186 1851 3247 [liristi

148 3264 217 3324 Filii
236 3262 298 3328 liei,
324 3263 408 3339 qnod
426 3282 487 3322 non
503 3263 657 3340 superbis,
674 3266 726 3324 sel
746 3264 917 3324 insimilibns
932 3269 971 3325 ab
987 3265 1076 3325 initio
1093 3266 1264 3324 revalatum
1282 3267 1349 3334 tuit,
1363 3267 1455 3342 juxta
1469 3267 1553 3344 qund
1571 3267 1703 3343 ipsemet
1717 3285 1853 3343 ore-pro·

147 3346 217 3422 prio
234 3344 462 3421 pronuntians:
481 3368 494 3397 ιι
513 3345 681 3416 ιιιιιιιιιεοι,
705 3345 819 3422 iniquit,
836 3347 902 3417 tibi,
921 3348 1025 3415 Pater,
1042 3347 1173 3405 Damion
1189 3346 1260 3405 eoeli
1276 3352 1306 3405 et
1333 3352 1436 3417 terrea,
1453 3349 1527 3425 quia
1542 3346 1732 3406 abscondisti
1750 3348 1851 3408 limen

147 3424 344 3502 sapientibus
357 3434 387 3483 et
405 3425 621 3501 prodentibus,
639 3432 669 3484 et
686 3427 831 3486 revelasti
847 3446 883 3487 ea
899 3429 1037 3505 parvulis
1059 3427 1187 3501 (blattis.
1204 3425 1257 3504 xa),
1277 3450 1291 3480 i>
1309 3427 1350 3486 ita
1368 3427 1440 3487 huie
1466 3428 1636 3486 revelatum
1664 3436 1721 3500 est,
1739 3434 1773 3487 ut
1787 3447 1850 3487 non

147 3511 248 3564 soliim
266 3504 349 3582 qnod
368 3510 517 3564 venturus
535 3510 579 3564 vel
598 3506 773 3566 irasciturus
794 3515 885 3577 esset,
903 3512 1120 3567 verumetiam
1147 3509 1249 3567 locum
1267 3509 1440 3567 nativitatis
1466 3527 1534 3578 e,us
1550 3508 1709 3586 praesciret
1724 3515 1754 3567 et
1771 3527 1852 3586 prae-

148 3586 286 3645 dicaret:
304 3587 353 3644 hh
371 3587 473 3645 enim:
494 3610 509 3640 a
526 3589 563 3646 Et
578 3593 623 3653 tu,
643 3588 800 3647 Bethleem
818 3589 967 3665 Ephrata,
987 3589 1118 3666 parvule
1133 3606 1166 3647 es
1181 3589 1211 3645 in
1237 3589 1373 3647 millibus
1389 3590 1471 3647 ¹tndn
1485 3606 1492 3658 ;
1507 3607 1544 3647 ex
1570 3594 1599 3646 te
1617 3589 1692 3648 mihi
1708 3590 1851 3659 egredie-

149 3672 210 3735 tur,
228 3668 280 3743 qui
297 3667 336 3724 sit
352 3667 535 3726 Donrinator
549 3667 580 3726 in
606 3669 713 3740 lsrael,
732 3676 762 3727 et
786 3687 930 3746 agressos
945 3671 1012 3745 ejas
1027 3669 1067 3727 ab
1094 3669 1182 3728 initio
1198 3687 1215 3727 n
1231 3668 1340 3728 diebus
1365 3669 1548 3728 aeternitatis
1562 3669 1670 3746 (llicit.
1688 3670 1729 3748 ιι).
1750 3694 1762 3723 n
1782 3672 1851 3729 Hoc

150 3747 189 3807 de
205 3747 401 3806 dominatore
425 3748 559 3816 Christo,
582 3750 666 3807 etde
694 3750 865 3808 prolivitatis
893 3751 959 3823 ejus
976 3750 1043 3809 loeo
1059 3749 1176 3807 dictum
1202 3766 1267 3808 esse
1284 3768 1338 3826 per
1365 3752 1448 3808 lianc
1466 3750 1627 3819 lnoriiilem,
1650 3768 1706 3808 nec
1722 3750 1851 3826 superbi

151 3827 296 3887 dubitare
312 3836 493 3907 potnerunt,
511 3848 564 3906 qna
584 3828 702 3889 Herodi
719 3829 888 3888 sciscitanti
905 3830 944 3888 ab
965 3830 1040 3908 ipsis
1057 3830 1109 3888 ubi
1124 3831 1265 3890 Christus
1281 3838 1470 3899 nasceretur,
1490 3832 1724 3905 respondentes,
1742 3831 1772 3889 in
1792 3833 1851 3890 lle·

150 3909 265 3968 thleem
281 3909 296 3968 J
303 3910 371 3968 ualae
387 3910 499 3968 ‹lebere
516 3911 611 3980 irasci,
630 3910 808 3968 testimonio
826 3911 971 3986 praesenti
987 3911 1034 3969 usi
1049 3919 1133 3969 sunt.
1150 3910 1215 3969 lloc
1231 3910 1300 3986 plus
1316 3912 1435 3970 canteris
1452 3911 1615 3987 prophetis
1631 3911 1680 3970 bic
1693 3911 1853 3990 accepisse

151 3991 285 4057 videtur,
305 3998 337 4047 ut
362 3990 466 4047 locum
485 4007 610 4066 qnoque
636 3989 815 4064 designaret
838 3990 1010 4049 nativitatis
1039 3989 1118 4066 ejus,
1136 3998 1250 4067 praeter
1275 3998 1419 4049 sanctam
1438 3991 1547 4061 David,
1579 3992 1632 4069 qui
1649 4009 1850 4067 magnacum

150 4070 321 4128 alilictinne
338 4077 368 4127 ct
384 4069 497 4144 vqiiiis
514 4078 564 4146 atq
572 4087 608 4127 ne
623 4069 765 4128 oratione
781 4087 813 4127 se
830 4068 888 4128 boc
906 4069 1008 4147 ipsum
1025 4073 1170 4146 quaesisse
1186 4077 1216 4128 ct
1232 4070 1384 4129 invenisse
1411 4078 1649 4141 commemorat,
1665 4090 1735 4130 earm
1753 4071 1849 4132 dicit:

150 4173 164 4205 ιι
182 4152 354 4223 Memento,
375 4150 504 4207 Dorriine
522 4149 630 4220 liavial,
648 4157 677 4208 et
692 4149 794 4208 omnis
812 4151 1059 4209 mansuetudinis
1076 4149 1154 4227 ojus.
1174 4149 1260 4210 Sient
1274 4152 1386 4226 iuravit
1402 4152 1545 4220 Domine,
1560 4159 1667 4211 votum
1684 4153 1769 4212 vovit
1786 4156 1851 4213 Deo

148 4229 258 4290 Jacob.
277 4229 309 4287 si
330 4228 481 4287 introiero
497 4229 528 4287 in
554 4230 792 4289 tabernaculum
820 4230 932 4291 demus
948 4249 1035 4303 nicee,
1053 4230 1078 4290 si
1103 4231 1273 4290 ascendero
1290 4232 1321 4289 in
1339 4233 1452 4291 lectum
1479 4234 1568 4292 strati
1595 4233 1665 4292 mei.
1685 4234 1716 4292 si
1733 4233 1851 4293 dedero

149 4327 294 4369 somnum
311 4308 410 4367 ocaalis
427 4309 501 4367 meis
517 4316 547 4369 et
564 4311 721 4387 palpebris
739 4311 813 4369 ineis
828 4311 1096 4372 dormitationem.
1115 4313 1150 4369 Et
1166 4312 1305 4388 requiem
1332 4313 1525 4390 temporibus
1541 4313 1628 4383 meis,
1646 4313 1745 4373 dorice
1761 4313 1849 4373 inve-

150 4390 235 4450 niam
252 4391 355 4448 lecum
373 4390 518 4462 Domino,
536 4389 774 4449 tabernaculam
793 4395 856 4451 Deo
870 4392 968 4453 iricob
992 4392 1088 4470 (l'eal.
1106 4395 1223 4467 cxxxi).
1243 4415 1258 4447 ιι
1274 4392 1328 4451 His
1344 4411 1480 4470 namque
1504 4394 1607 4452 verbis
1619 4394 1710 4470 juxta
1726 4395 1849 4454 littera-

148 4469 211 4531 lem
227 4469 506 4530 sensumdeclarat
535 4487 567 4529 se
591 4488 661 4528 cum
691 4471 862 4548 accepisset
891 4473 1114 4550 promissiones
1138 4471 1251 4531 Christi
1281 4473 1451 4533 desemine
1480 4493 1537 4533 sne
1566 4474 1725 4550 nascituri,
1744 4474 1848 4534 locum

150 4569 277 4629 qnoque
293 4551 372 4610 scire
394 4551 529 4610 votuisse
545 4550 599 4609 ubi
614 4559 806 4623 nasceretur,
822 4560 853 4611 at
868 4572 925 4630 pro
941 4554 1001 4613 haic
1025 4553 1180 4612 desiderio
1205 4552 1325 4612 vovisse
1341 4555 1426 4632 quod
1445 4556 1566 4613 nullum
1591 4573 1647 4614 suo
1663 4556 1788 4634 corpori
1804 4574 1851 4615 re-

151 4631 256 4708 quiem
272 4630 460 4707 indulgeret,
484 4629 543 4689 nisi
559 4632 645 4708 prius
670 4631 855 4693 desideratae
880 4635 924 4693 rai
940 4633 1083 4694 notitiem
1106 4640 1362 4710 consequeretur.
1381 4636 1500 4695 Etenim
1526 4636 1600 4693 dum
1617 4636 1760 4713 protinus
1775 4635 1850 4696 sub-

146 4710 272 4790 jungit:
293 4732 306 4768 a
322 4713 401 4769 Eece
417 4710 594 4771 andivimus
623 4730 691 4772 eam
711 4715 742 4772 in
761 4713 897 4791 Ephrata
926 4714 1039 4792 (ibid),
1058 4735 1071 4771 n
1089 4713 1192 4773 orariti
1221 4715 1280 4774 sibi
1296 4715 1469 4775 revelatum
1499 4733 1565 4775 csse
1581 4715 1665 4774 clara
1681 4734 1757 4775 voce
1773 4735 1850 4794 prc-

149 4793 284 4860 nuntiat,
319 4791 513 4851 nativitatem
538 4791 606 4868 rjus
634 4793 770 4853 loturam
795 4794 826 4853 in
842 4792 1000 4853 Bethleem
1031 4793 1156 4853 civitate
1184 4812 1251 4866 sua,
1279 4795 1354 4871 quia
1385 4795 1681 4873 videlicetllphrata
1711 4797 1779 4873 ipsa
1802 4803 1850 4856 est

150 4872 322 4932 bethleem.
340 4871 428 4942 onon
441 4890 517 4949 ergo
532 4872 630 4932 David
647 4880 818 4934 laniacum
836 4873 984 4933 instantia
999 4875 1189 4952 supplicanti
1207 4874 1377 4935 revelatum
1394 4881 1451 4947 est,
1470 4896 1531 4935 non
1550 4895 1646 4954 parva
1664 4877 1766 4948 gratie
1783 4896 1850 4955 per·

150 4951 233 5030 cepit
248 4950 343 5011 ethic
360 4952 531 5011 secundnm
549 4972 663 5014 nomen
678 4972 768 5013 suum
786 4953 914 5014 humilis
929 4960 1021 5015 natus
1036 4955 1074 5014 de
1090 4954 1255 5027 illorasthi,
1273 4956 1358 5032 quod
1381 4955 1607 5034 interpretatur
1631 4955 1803 5031 hareditas,
1819 4964 1851 5017 et

150 5037 219 5092 crat
234 5030 354 5091 viculus
370 5031 454 5092 baud
470 5034 607 5108 grandis.
626 5034 721 5111 Cujus
738 5034 881 5095 videlicet
897 5034 1041 5095 vocabuli
1058 5035 1239 5114 mysterium
1255 5036 1355 5095 eidem
1372 5036 1577 5096 nibilominus
1593 5038 1747 5113 congruit,
1770 5056 1850 5115 que·

151 5111 355 5171 madmodum
372 5118 402 5171 et
417 5115 539 5172 caeteris
552 5114 710 5187 omnibus,
734 5134 869 5193 quorum
891 5115 1059 5175 liseredites
1071 5121 1117 5175 est
1140 5115 1272 5176 verbum
1291 5116 1425 5194 Domini,
1450 5123 1482 5176 et
1512 5117 1614 5177 dicere
1631 5123 1762 5194 possunt
1777 5136 1850 5179 cum

150 5191 270 5252 David:
291 5212 305 5248 a
322 5194 509 5255 llaeroditate
525 5194 677 5271 acquisivi
693 5195 872 5256 testimonia
892 5201 946 5255 tua
961 5196 992 5254 in
1009 5205 1172 5265 aeternum,
1189 5196 1263 5272 qnia
1287 5198 1455 5257 exstiltetio
1470 5199 1573 5257 cordis
1589 5198 1650 5256 anei
1663 5204 1736 5257 sunt
1751 5197 1849 5277 (l‘sal.

151 5271 264 5352 cxv1h).
283 5294 298 5325 n
316 5271 383 5341 hie,
402 5280 435 5333 ut
447 5273 513 5351 jam
537 5275 728 5348 dictumest,
746 5282 852 5336 sextus
874 5276 912 5335 eit
927 5276 958 5334 in
974 5276 1084 5335 ordine
1099 5277 1264 5336 duodecim
1282 5278 1520 5355 prophetarum,
1546 5277 1694 5337 nimirum
1712 5280 1802 5355 qnasi
1818 5281 1850 5340 in

151 5353 244 5414 corde
262 5352 427 5413 voluminis
457 5355 587 5431 positus,
618 5354 774 5433 profunda
791 5357 938 5435 mysteria
967 5357 1164 5428 continet‚et
1187 5356 1219 5415 in
1249 5358 1474 5436 perscrutando
1503 5358 1671 5417 dillieultas
1696 5360 1850 5420 estssum

149 5452 224 5505 ergo
240 5438 270 5493 et
285 5432 412 5494 difficile
436 5434 475 5494 sit
490 5441 521 5495 et
536 5434 737 5495 temerarium
755 5439 853 5514 possit
873 5436 1020 5512 judicari,
1039 5444 1108 5513 pest
1134 5455 1318 5515 magnarum
1335 5439 1437 5498 studia
1453 5445 1591 5516 patrum,
1617 5456 1673 5497 nos
1689 5445 1849 5500 extremos

148 5516 376 5593 subsequentes
391 5514 511 5592 aliquid
527 5515 559 5574 in
576 5515 756 5593 hujusmodi
772 5517 1037 5595 profunditatibus
1053 5518 1196 5589 scrutari,
1210 5517 1280 5596 jam
1293 5518 1477 5579 cessandum
1494 5525 1677 5597 putaremus
1692 5520 1732 5579 ab
1747 5521 1849 5580 inten-

63 5640 67 5649 .
148 5594 233 5654 tiene
248 5593 416 5668 scribendi,
432 5595 486 5655 sed
503 5595 573 5655 talis
588 5595 712 5656 interim
733 5597 846 5658 mentis
860 5603 975 5659 nostre>
990 5596 1136 5657 debilitas
1152 5615 1218 5658 sese
1231 5597 1343 5676 aperit,
1370 5604 1405 5658 ut
1419 5599 1570 5676 exipsius
1593 5597 1847 5661 consideratione

148 5675 343 5748 commoniti,
360 5675 443 5735 illius
468 5675 708 5736 recordaremur
735 5676 901 5737 versiculi:
921 5701 936 5732 ιι
952 5677 1140 5738 Dormitavit
1160 5677 1265 5738 anima
1281 5696 1350 5739 mea
1376 5696 1439 5758 prae
1456 5679 1560 5752 taedio,
1580 5677 1733 5739 confirma
1747 5697 1798 5740 me
1813 5681 1847 5741 in

56 5756 77 5791 ’·
145 5753 250 5814 verbis
263 5755 324 5816 tuis
349 5755 447 5834 (Psal.
464 5755 650 5836 cxxxviiii»
677 5758 819 5818 'l'aedium
836 5775 972 5836 nemque
987 5757 1019 5817 in
1035 5758 1100 5819 ctio
1120 5759 1258 5837 patimur
1273 5759 1343 5820 vitae
1367 5759 1542 5837 praesentis,
1554 5765 1586 5821 et
1610 5758 1701 5838 quasi
1724 5759 1846 5823 dormi·

148 5833 246 5895 tando
262 5835 345 5897 viem
359 5835 493 5898 iacimus
520 5837 609 5899 vanis
635 5837 863 5916 cogitationum
887 5838 1075 5920 phantasiis,
1091 5856 1149 5901 nec
1178 5845 1225 5901 est
1239 5838 1324 5901 aliud
1346 5843 1464 5921 prester
1490 5839 1675 5919 hujusmodi
1689 5839 1846 5922 studium,
