3826 6014
64 158 125 221 ⁴29
376 162 579 224 COMMDNl'.
603 163 642 224 ln
664 164 719 224 Xll
743 158 885 221 liuore.
910 159 992 219 ttlrt.
1017 191 1055 203 ·-
1077 160 1119 220 ΙΝ
1139 162 1280 224 JONAll.
1304 167 1381 228 Llli.
1403 168 1444 229 11.
1712 173 1773 237 430

64 292 168 361 situm,
184 297 212 350 et
228 293 380 352 inventum
395 299 449 352 est.
471 297 559 352 Porro
575 298 611 352 ad
637 296 724 351 tidem
741 293 830 350 tutari
846 308 891 349 re·
907 289 984 362 A’ad
998 308 1091 364 repom
1101 293 1211 352 Niniue.
1227 296 1289 352 Non
1306 299 1389 365 dixit,
1405 304 1434 357 et
1458 303 1591 374 pervenit
1604 304 1706 376 Jonas,
1722 309 1772 364 sed

64 384 116 455 gni
128 383 179 440 Dei
191 386 409 458 suscipiendam
421 391 481 441 tarn
495 387 544 441 isti
556 404 644 458 quam
657 385 699 441 illi
713 385 800 441 nimis
811 384 894 440 erant
945 385 1070 446 peruenit
1084 385 1196 440 verbum
1208 386 1242 441 ud
1256 404 1347 459 regem
1361 390 1469 446 illinire.
1487 397 1520 448 lit
1535 395 1602 465 quis
1618 397 1770 466 superbae

63 472 215 543 imparati.
232 479 260 530 et
273 475 379 531 idcireo
392 477 647 547 nequemaniieste
658 475 756 532 israeli
772 476 832 530 slve
847 474 895 528 lu·
946 471 1060 527 dubitet
1075 476 1152 545 quod
1163 479 1333 532 t'ematantae
1345 479 1386 534 rel
1399 481 1523 550 pedibus
1540 483 1771 554 prophetaevclc·

64 562 148 631 daeis,
163 578 258 634 neque
273 563 333 619 ullo
350 565 437 619 modo
447 566 573 637 Assyriis
589 565 735 621 ceterisve
755 562 893 635 gentibus
946 559 1006 615 aior
1022 561 1118 629 luerit,
1131 571 1293 634 praesortrm
1311 582 1376 622 cum
1394 568 1441 624 ille
1463 575 1522 626 toto
1538 571 1584 626 dic
1599 571 1769 643 ingrediens

63 649 379 724 tuncilludoportebat
389 651 895 725 praedioeri.Nuncadordinempro·
945 647 1095 718 clamaret,
1111 655 1139 706 et
1155 650 1311 710 clamantia
1340 656 1589 728 utiquepaacisin
1602 659 1666 730 ipso
1678 662 1772 733 primo

63 738 171 810 photio
186 745 380 807 revertamur,
394 748 611 798 sacramentum
624 742 781 797 Dominicc
792 756 890 796 resar-
945 735 1067 793 introitu
1084 739 1432 800 innotescerct‘tVidctur
1444 762 1513 817 ergo
1523 746 1647 804 facilitas
1659 749 1770 806 ninivi-

63 829 204 886 rcctionis
217 830 445 902 insequentibus
458 850 515 904 pra
526 832 619 887 oculis
631 832 783 899 habentes,
805 829 891 900 cujus
944 828 1084 882 iterumad
1095 829 1295 899 penitentiam
1311 831 1342 887 in
1358 847 1391 888 0⁰
1403 837 1613 903 commendari,
1626 841 1704 910 quod
1717 858 1771 897 ati·

64 920 94 975 iu
113 919 356 976 antecedentibus
370 921 517 994 passionis
538 920 710 994 mysterium
736 920 890 992 spectabo·
943 917 1062 985 taquam
1078 915 1169 973 Jonas
1186 921 1331 989 perveniet
1353 923 1389 977 ad
1415 939 1512 995 regem
1533 924 1636 981 Ninive
1660 944 1769 1000 praeve·

63 1024 144 1065 mus,
171 1010 204 1063 gp
227 1010 331 1080 pactum
355 1016 395 1065 0³2
420 1012 533 1066 vagum
555 1012 666 1066 pomini
684 1009 830 1066 0410an
848 1023 890 1063 se.
945 1001 1129 1058 nientclama
1145 1004 1224 1060 verbi
1237 1006 1420 1075 Domini,ille
1432 1011 1598 1067 crediderit.
1616 1013 1647 1067 ln
1660 1019 1769 1084 myste-

63 1097 167 1161 cundo,
193 1097 285 1153 dicens
305 1117 315 1153 .·
330 1098 421 1171 Surge
439 1109 465 1157 et
488 1101 554 1156 erede
568 1102 599 1154 in
613 1102 730 1156 ltlinroen
749 1098 888 1153 ciuitatem
943 1088 1768 1176 rioquaquaampliossonsusistsplacebit.uictorque-

63 1195 206 1247 mognam,
222 1185 249 1234 et
263 1180 383 1250 praedico
399 1180 430 1235 in
444 1197 477 1236 en
485 1181 720 1253 predicationem,
743 1194 827 1252 quam
842 1192 890 1248 epo
943 1194 999 1248 qne
1009 1181 1215 1252 ciuitarmapaa
1231 1185 1552 1259 itineretriumdiernm,
1568 1194 1698 1250 mundus
1713 1196 1770 1251 iste

63 1266 165 1336 icquar
176 1264 212 1320 ad
225 1269 261 1320 te.
278 1269 341 1322 Noa
356 1267 463 1322 dicitur
485 1267 644 1340 prophetae,
670 1283 758 1338 quaro
775 1282 832 1321 non
848 1265 887 1321 le·
942 1267 1055 1325 estaiva
1067 1271 1146 1326 orbis
1158 1272 1482 1334 novissimarumtrium
1503 1280 1642 1351 partium,
1658 1281 1771 1340 scillcet

63 1354 142 1423 cisti,
160 1354 309 1424 quodtibi
338 1355 434 1411 iuerat
458 1356 647 1428 imperatum,
672 1353 888 1411 sedsul'lleltei
942 1356 1029 1424 Asia,
1049 1359 1181 1431 Europe,
1209 1369 1237 1417 et
1260 1364 1375 1421 errice.
1398 1367 1597 1425 Huaoorbem
1622 1375 1767 1428 terrarum

62 1444 209 1515 naula-agii
225 1448 255 1500 et
270 1446 465 1502 devorationis
481 1446 542 1502 sola
557 1445 712 1518 correptio,
725 1448 756 1501 nt
770 1445 820 1516 qui
836 1444 890 1500 im·
941 1443 1072 1502 trifidum
1088 1447 1222 1505 Christos
1236 1449 1322 1508 lesus
1339 1458 1404 1524 post
1413 1456 1580 1526 passionem
1590 1462 1619 1513 et
1634 1476 1766 1516 resurre-

60 1547 213 1612 persntsm
230 1559 289 1600 non
304 1548 435 1600 senserat
450 1544 553 1612 neum,
569 1544 745 1616 intelligeret
759 1541 886 1598 liberan—
941 1534 1067 1590 ctionem
1091 1553 1187 1604 susm,
1212 1538 1341 1597 introivit
1364 1544 1463 1600 itinere
1484 1544 1545 1601 diri
1566 1549 1661 1613 anim,
1677 1548 1705 1604 id
1723 1553 1769 1605 sss

60 1633 318 1689 sempenomjno
329 1639 430 1690 nostro
441 1633 559 1689 homin,
575 1634 643 1690 1030
655 1632 818 1700 chrisma
830 1646 887 1703 quo
902 1607 925 1673 B
940 1620 1097 1680 illustravit
1111 1624 1307 1685 illustratione
1323 1630 1374 1684 Dei
1390 1633 1489 1698 unlus,
1512 1638 1545 1689 ut
1573 1641 1686 1706 gentes,
1702 1653 1767 1707 que

61 1737 130 1777 cum
146 1722 186 1778 gir
203 1727 289 1791 ηοω,
316 1723 491 1780 humanitas
515 1723 667 1791 laboravit,
693 1721 766 1778 illud
784 1726 885 1777 notum
942 1711 1763 1790 multuialsarumportenlsdeorumseotabsntur,unum

61 1827 129 1867 0230
142 1810 240 1881 deber,
256 1811 406 1883 (μήπω
420 1811 594 1884 pomposus
606 1812 734 1869 laborem
747 1813 776 1868 jn
792 1810 888 1881 sepul.
941 1805 1030 1857 Deum
1046 1814 1264 1875 cognoscentes,
1281 1806 1357 1863 188
1374 1809 1411 1863 ab
1427 1826 1525 1866 errore
1540 1828 1594 1868 suo
1608 1812 1766 1871 liberaren-

61 1914 112 1955 cro
128 1901 300 1972 quiesceret,
316 1903 445 1968 secunda,
455 1901 570 1958 certum
584 1902 695 1958 Domini
710 1901 745 1957 ad
761 1916 828 1957 eum
845 1903 887 1971 to·
938 1894 996 1946 tur.
1008 1889 1196 1962 Nonquidem
1207 1895 1234 1949 1¹¹
1247 1911 1374 1966 D⁰f³⁰¹¹⁸
1384 1914 1439 1954 ³¹¹⁸
1450 1900 1485 1954 ad
1499 1905 1602 1972 8⁰¹¹i0⁸
1615 1904 1763 1972 Ρῑθῑθΰῑι18

60 1996 137 2046 Μ
152 2001 201 2059 m,
218 1993 294 2048 „tad
308 1993 525 2063 pfaefficgndum
536 1997 679 2065 surgeret,
690 1990 785 2048 primo
801 2006 882 2047 mm.
939 1984 994 2045 est,
1009 1981 1058 2036 scd
1074 1981 1102 2036 in
1120 1982 1260 2054 apostolis
1274 1986 1338 2041 suis
1352 1986 1383 2043 in
1400 1989 1507 2059 quibus
1524 1990 1587 2062 ipso
1603 1993 1704 2064 atique
1721 1991 1765 2048 lo-

61 2095 133 2152 que,
150 2087 183 2137 ut
197 2082 333 2153 superius
349 2082 549 2149 tractavimus,
570 2084 690 2140 verbum
718 2082 835 2138 Domini
848 2079 885 2136 ed
939 2068 1051 2138 (luitur,
1068 2086 1225 2142 (limitum
1252 2074 1389 2143 mitteret,
1417 2077 1762 2151 di⁰0fl⁵²ssiii²iiicii⁰⁶⁶l⁶

59 2185 130 2225 eum
147 2171 257 2226 lactum
283 2170 387 2240 luerat,
413 2173 484 2228 dum
509 2172 707 2244 baptizaretur
730 2171 884 2237 sicanus,
938 2174 1032 2215 ‘'mii“
1054 2163 1339 2234 Dffliiisi‘tliii'iaiiissi
1361 2181 1407 2223 ⁶⁰³
1421 2169 1451 2223 in
1475 2170 1587 2227 'limiti‘
1612 2173 1716 2241 Pssiii'is
1735 2179 1763 2227 θ’

60 2261 181 2332 quando
196 2261 277 2317 visus
294 2266 339 2318 egi
359 2278 448 2334 „uper
469 2279 537 2318 gum
561 2263 688 2335 spiritus
703 2266 824 2318 „gnotus
839 2259 885 2316 in.
939 2248 1017 2317 Filii,
1032 2257 1060 2305 et
1075 2251 1199 2323 Spiritus
1213 2255 1304 2310 sancti
1314 2254 1426 2326 (llattlr.
1440 2267 1551 2332 nuru),
1576 2258 1630 2314 hoc
1645 2275 1762 2334 qnoque

59 2349 158 2421 ,pecie
178 2348 320 2407 columb&
336 2351 445 2420 (March,
462 2352 516 2422 ω),
533 2357 562 2407 et
585 2350 738 2423 impletum
753 2357 796 2406 032
810 2348 885 2405 illud
939 2337 1030 2395 dixit:
1048 2341 1080 2395 Et
1095 2355 1155 2397 ecce
1168 2357 1215 2414 epo
1237 2343 1376 2400 vobiscum
1390 2362 1450 2401 sam
1466 2349 1593 2403 omnibus
1606 2350 1763 2405 (licturus-

58 2436 163 2493 lsaia:
189 2438 310 2509 Spiritus
335 2439 448 2495 Domini
464 2456 546 2510 super
565 2456 618 2504 nte,
637 2441 756 2512 eo'quoi
771 2439 886 2494 uacent
939 2443 991 2500 que
1008 2427 1044 2483 ad
1072 2431 1338 2489 consummationem
1361 2437 1457 2492 secati
1481 2436 1583 2509 (ibid).
1600 2438 1765 2510 lgiturlpse

58 2542 104 2582 me
132 2527 586 2600 nominm,aaevanyetimnsrum
614 2529 785 2601 pauperinus
809 2529 886 2583 misit
940 2516 1278 2585 adNinivcn,idestad
1295 2525 1396 2590 gentes
1420 2525 1510 2596 venit,
1529 2526 1599 2598 quia
1620 2527 1765 2584 veraciter

57 2632 103 2672 ,Μ
118 2615 182 2687 (ιω,
198 2618 266 2688 m),
282 2621 337 2673 oro,
353 2621 390 2675 gt
404 2617 476 2674 illud
502 2619 622 2690 quidem
647 2617 711 2688 ipse
725 2618 761 2673 ,10
776 2619 886 2672 gemel.
939 2622 1006 2661 eum
1019 2607 1079 2663 illis
1094 2612 1148 2674 est,
1164 2609 1231 2664 etin
1247 2610 1318 2682 ipsis
1345 2611 1484 2684 loquitur,
1501 2632 1575 2687 quos
1591 2616 1654 2688 ipse
1670 2615 1764 2672 misit.

58 2704 125 2776 ipso
143 2706 498 2776 testatusest,dlesudo:
529 2705 692 2774 Deiotodre
716 2707 887 2777 impietaest
939 2694 1170 2767 Mi²²⁶211¹qiiiis
1197 2700 1384 2770 ttssdrsseinie
1407 2701 1465 2756 diet
1488 2706 1514 2759 et
1536 2704 1764 2760 Ninioesuturr·

57 2793 118 2849 m
131 2794 277 2866 scriptum
291 2794 322 2850 in
337 2797 453 2852 auriam
467 2795 563 2852 vestm
583 2800 659 2864 (Luc,
676 2795 725 2867 rr).
743 2795 815 2852 mua
833 2811 885 2850 au.
939 2789 1022 2841 tetur.
1039 2787 1072 2842 lit
1081 2791 1125 2843 est
1137 2803 1241 2844 sensus
1253 2805 1261 2843 ε
1274 2790 1377 2846 Adhuc
1392 2795 1509 2863 tempus
1522 2795 1699 2865 peanitentiae
1714 2811 1764 2850 vo·

58 2885 121 2938 tem
137 2884 216 2954 qued
229 2885 265 2940 ad
281 2901 349 2941 eum
364 2884 394 2940 in
410 2884 763 2958 gepu10r0q0i0300n10m‚
775 2884 883 2939 factum
939 2873 985 2931 bis
999 2876 1136 2947 gentibus
1152 2877 1253 2933 datum
1270 2883 1326 2947 est,
1337 2881 1427 2936 etboo
1438 2885 1555 2954 tempus
1571 2883 1598 2938 in
1617 2900 1671 2940 sua
1688 2888 1768 2954 pote·

58 2970 103 3026 vet
120 2971 233 3028 dietum
249 2977 294 3029 est
312 2976 444 3045 verbum,
468 2990 525 3029 non
547 2974 721 3045 ipseeodem
738 2973 824 3028 modo
837 2958 921 3028 re-(l
941 2967 1018 3020 state
1029 2964 1126 3036 posuit
1140 2965 1229 3035 Deus,
1246 2968 1323 3039 quod
1339 2985 1407 3025 aum
1418 2970 1571 3042 impletum
1584 2972 1681 3041 luerit,
1697 2989 1767 3030 eon·

59 3059 238 3130 citarit,sed
256 3062 449 3119 nihilomiuus
465 3074 564 3118 notum
584 3072 677 3119 estex
700 3061 884 3135 psstmojam
940 3056 1139 3113 summabitar
1163 3058 1304 3128 mundas,
1328 3065 1357 3116 et
1371 3077 1422 3133 per
1447 3062 1544 3134 ignem
1566 3064 1762 3135 judicabitur.

59 3163 153 3220 sopra
167 3155 341 3218 memorato,
356 3149 405 3207 uhi
419 3168 474 3209 vox
494 3151 590 3207 Patris
614 3149 711 3206 taliter
724 3150 813 3206 dicit:
830 3150 887 3205 Dc·
940 3147 1087 3201 Numerus
1102 3145 1210 3218 quippe
1225 3149 1475 3220 quadragenarius
1486 3151 1694 3222 pmniteutialis
1707 3159 1763 3213 est,

57 3251 151 3308 urge,
181 3239 271 3307 clorio
297 3256 369 3304 nica,
398 3256 525 3310 murce,
550 3241 718 3308 psalterium
731 3245 756 3296 et
779 3239 887 3295 citima
941 3237 1013 3289 Nam
1030 3238 1058 3290 et
1072 3233 1169 3290 Moses
1188 3237 1384 3308 quadraginta
1404 3238 1507 3296 diebus
1528 3240 1557 3296 iu
1575 3247 1672 3299 monte
1687 3243 1766 3315 Syna

56 3325 237 3398 (Praicvu),
253 3329 430 3385 subanditur
444 3329 480 3385 ad
495 3330 694 3385 confitendum
707 3329 777 3384 mihi
796 3329 825 3384 in
836 3345 885 3401 po·
941 3323 1037 3392 (exoa,
1052 3339 1126 3389 xxiv,
1141 3326 1245 3396 κων),
1261 3331 1290 3381 et
1306 3325 1402 3383 Helias
1418 3328 1533 3399 fugiens
1544 3329 1671 3402 lezabel,
1692 3349 1764 3405 qoe-

58 3415 150 3488 pulis,
164 3416 201 3471 ad
213 3416 397 3488 psallendum
409 3417 522 3473 mihiin
536 3417 714 3474 nationibus.
730 3418 803 3474 Nam
818 3434 885 3489 pro·
941 3412 1076 3483 draginta
1092 3413 1561 3488 dicbusjsjunsvtt(1vnepus),
1574 3425 1602 3474 ct
1617 3421 1680 3493 lpse
1711 3421 1767 3478 Do·

57 3503 143 3561 tinus
155 3520 279 3576 persona
294 3506 360 3562 Filii
385 3508 547 3563 secundum
570 3523 675 3577 oorpros
698 3507 727 3562 in
752 3507 887 3578 sepulcro
942 3500 1404 3568 minusvoru⁵J⁰n³⁵.1nieeusad
1417 3507 1649 3576 predicationem
1662 3510 1767 3566 mundi

55 3592 186 3666 jacentis
210 3596 399 3666 respondens,
426 3612 589 3667 resurgam,
617 3595 725 3667 inquit,
750 3595 886 3663 diluculo,
942 3590 1766 3665 quadragintadiebusjejuuans(llottlr.v),baereditatem

59 3683 287 3755 subjungitque,
302 3685 451 3755 confitetor
475 3687 528 3741 tibi
542 3685 573 3742 in
586 3687 713 3758 papatis,
729 3694 754 3741 et
768 3685 886 3756 pralium
942 3678 1138 3748 nobisjejuuii
1154 3679 1378 3750 quadragenarii
1390 3680 1506 3753 reliqui,
1519 3688 1551 3737 ut
1562 3700 1613 3756 per
1633 3686 1766 3759 singulos

58 3773 113 3829 libi
129 3772 160 3827 in
174 3772 549 3846 reminiscaturque
566 3775 704 3830 nimirum
721 3780 766 3829 est
780 3774 886 3844 predi·
943 3783 1035 3822 annos
1050 3772 1268 3823 sacramentum
1284 3769 1347 3837 ejus
1368 3770 1504 3839 paschale
1526 3770 1711 3842 celebraturi,
1728 3778 1764 3833 ad

60 3876 130 3919 aare
144 3861 174 3918 in
191 3861 887 3937 Ninivccivitstsmsgna.eradicationcmqusm
942 3872 1023 3912 esum
1040 3856 1169 3926 eorporis
1184 3862 1211 3912 et
1226 3862 1327 3928 potum
1343 3859 1497 3930 sanguinis
1508 3861 1572 3930 ejus
1584 3879 1634 3934 por
1644 3867 1687 3919 tot
1702 3866 1765 3923 dies

60 3950 195 4025 loquitur
210 3951 365 4024 Divinitas,
381 3953 536 4026 antiquum
547 3954 659 4009 babens
684 3952 839 4009 consilium
853 3951 889 4008 de
943 3962 1152 4018 praeparemur·
1168 3946 1268 4017 Itaque
1283 3946 1374 4003 adina
1396 3949 1585 4019 qnadraginta
1599 3952 1660 4008 dies
1671 3957 1697 4009 et
1710 3954 1761 4010 Νι·-

62 4039 214 4097 aalvandis
225 4042 353 4114 populis,
365 4044 427 4099 sive
439 4041 888 4113 nationibussancteSorlptura
942 4037 1006 4091 reive
1020 4035 1203 4104 subverletur,
1219 4034 1247 4090 id
1264 4041 1308 4092 eei
1333 4036 1430 4092 adhue
1453 4042 1570 4111 tempus
1589 4040 1765 4111 paenitentia

60 4134 222 4187 testantur.
239 4132 272 4186 Et
285 4134 409 4188 surrexit
421 4133 514 4195 lonas,
530 4141 556 4188 et
570 4131 639 4187 obiit
665 4132 700 4187 art
713 4133 833 4187 Ninioan
848 4130 889 4186 ci·
943 4124 1031 4179 breve
1046 4125 1147 4179 datum
1164 4128 1208 4178 eei
1223 4125 1371 4191 tentibus,
1385 4131 1451 4198 past
1461 4129 1538 4198 quod
1560 4129 1623 4200 J'am
1640 4147 1696 4187 uon
1712 4132 1766 4188 erit

58 4219 175 4273 cumam
193 4236 324 4290 maenam
345 4220 430 4290 jueta
456 4222 567 4276 eertum
600 4219 720 4274 Domini.
737 4220 769 4273 lit
791 4220 890 4274 llliuior
943 4216 1072 4284 tempus,
1089 4211 1165 4267 siout
1180 4220 1207 4267 et
1220 4211 1393 4285 Apocalypsi
1409 4232 1463 4270 sua
1479 4215 1609 4273 ioannes
1631 4221 1766 4289 angelum

58 4310 122 4361 erat
132 4305 232 4361 rioitm
257 4324 370 4378 magna,
395 4310 497 4366 itinere
511 4311 598 4364 trium
612 4308 732 4364 dierum.
749 4311 782 4363 et
804 4310 888 4378 coepit
904 4331 927 4396 D
945 4302 1047 4358 iontem
1069 4302 1105 4357 de
1128 4300 1200 4356 atala
1222 4302 1459 4373 descendentem,
1485 4305 1600 4378 quiesi
1621 4308 1767 4379 Christos,

58 4395 145 4451 Jonas
160 4397 279 4452 introire
287 4400 317 4452 in
330 4396 469 4453 ciuitatem
485 4400 589 4454 itinere
603 4397 661 4453 diei
676 4398 772 4461 unius,
787 4406 812 4452 et
828 4396 887 4452 ela·
943 4391 1006 4461 ipae
1023 4388 1070 4444 Dei
1088 4388 1201 4458 Filiiue,
1214 4391 1460 4463 dumjuretnento
1473 4393 1607 4453 firmasse
1618 4402 1763 4455 testatur:

59 4482 192 4541 maritet
212 4484 289 4541 dicit
303 4485 418 4541 :Adbuc
451 4486 638 4558 quadraginta
664 4485 733 4554 dies,
751 4489 775 4542 et
790 4487 888 4542 Niniue
943 4480 975 4534 lit
985 4477 1110 4549 angelate,
1127 4479 1234 4548 inquit,
1250 4497 1332 4551 quem
1347 4481 1726 4558 viditissniemwpermare,
1741 4497 1771 4547 et

61 4574 250 4630 autoertatur.
271 4575 357 4631 Juxta
378 4575 519 4642 litteram,
541 4578 642 4631 Niniue
666 4577 765 4630 ciuitas
788 4590 889 4644 magno
941 4571 1153 4639 superterram,
1171 4565 1273 4624 leuauit
1288 4586 1402 4627 manum
1417 4589 1496 4629 suam
1508 4577 1545 4629 nd
1558 4577 1667 4644 cuium,
1683 4583 1709 4635 et
1719 4580 1769 4651 ju·

62 4666 136 4729 erat,
151 4666 180 4718 et
196 4663 266 4719 tenti
284 4664 424 4730 ambitus,
442 4664 535 4719 utrix
551 4666 636 4720 triam
659 4663 767 4720 dierum
793 4666 891 4734 posset
944 4653 1027 4722 ravit,
1039 4670 1088 4726 W
1106 4654 1240 4710 Vividiem
1258 4658 1289 4711 in
1301 4660 1399 4715 ‘ecula
1413 4662 1586 4724 secutarum.
1597 4667 1648 4736 qai
1662 4676 1769 4738 tempus

63 4751 337 4810 itinereoircumirl.
354 4757 387 4808 lt
399 4753 448 4809 illa
463 4753 599 4825 precepti
610 4757 638 4809 st
649 4752 810 4823 superioris
822 4768 892 4806 nau·
945 4745 1064 4816 ampliet
1077 4758 1133 4798 ²¹0st
1145 4743 1209 4809 eiii,
1221 4743 1267 4799 red
1281 4746 1310 4800 in
1325 4746 1421 4803 ‘iiiiii
1446 4750 1518 4806 ”0⁶23
1540 4754 1653 4823 septimi
1676 4758 1769 4827 “iiiiii

65 4831 150 4903 leogii
167 4848 287 4902 ricemer,
304 4833 379 4888 riam
396 4834 484 4888 trium
498 4833 611 4889 diorum
638 4833 725 4888 unius
741 4832 798 4887 diei
815 4831 892 4887 lesti-
945 4849 1006 4888 cum
1019 4833 1129 4903 caperit
1144 4833 1209 4887 tubo
1223 4849 1331 4903 cauere,
1347 4840 1583 4895 consummabitur
1603 4846 1768 4914 mysterium

65 4921 187 4976 natione
215 4920 382 4994 complevit,
407 4939 494 4994 quam
521 4927 549 4978 et
587 4923 626 4977 ita
650 4924 744 4994 possit
767 4918 891 4991 intelligi
947 4922 1007 4989 Dei,
1035 4923 1105 4976 sicut
1128 4923 1330 4990 eoanpctiaaoit
1350 4942 1399 4996 per
1421 4943 1513 4984 seruos
1535 4946 1598 4986 suos
1621 4933 1769 5002 propbetas

63 5011 144 5081 quod
160 5012 192 5067 in
207 5013 292 5067 tertia
306 5015 423 5068 mutum
436 5016 516 5079 parte
532 5011 613 5066 urbis
637 5009 847 5082 praedicaverit,
862 5013 893 5065 et
946 5012 1042 5083 (Aper.
1058 5009 1098 5080 x).
1114 5008 1284 5081 ligatorium
1309 5015 1360 5069 Dei
1383 5019 1646 5087 consummabitur,
1670 5022 1771 5080 Niniue

63 5099 99 5154 ad
111 5099 243 5173 reliques
252 5099 408 5157 coelestim
422 5099 636 5168 predicationis
646 5116 743 5155 sermo
754 5114 891 5169 pervene-
945 5099 1127 5165 cabarertetur,
1136 5100 1425 5172 rnundusperignem
1430 5103 1625 5176 judicabitur,
1636 5109 1772 5169 homiues
1885 5156 1892 5175 .

63 5187 112 5243 rit.
129 5188 212 5252 Quod
224 5205 260 5244 ex
270 5205 304 5245 ec
316 5189 442 5245 muimc
457 5187 596 5261 perpendi
608 5193 713 5259 potest,
729 5188 809 5260 quod
825 5203 891 5261 pro·
946 5186 1384 5262 impiieumdieboloetangelis
1399 5193 1463 5261 ejus
1475 5194 1504 5249 in
1516 5194 1614 5268 ignem
1631 5206 1773 5257 eternum

62 5277 146 5333 tinus
160 5278 369 5348 subjungitur:
386 5279 418 5333 et
443 5278 620 5334 crediderunt
646 5279 702 5333 oiri
716 5278 848 5333 Ninivitis
862 5279 891 5333 in
947 5276 1108 5339 mittentur,
1129 5279 1246 5345 tempus
1272 5278 1446 5349 poenitentiae
1473 5298 1529 5338 uon
1556 5286 1611 5342 erit
1631 5288 1770 5358 amplios.

61 5365 189 5431 Domino,
205 5370 233 5423 rt
257 5367 484 5438 predicaverunt
503 5368 654 5438 jejunium,
685 5375 711 5422 ct
727 5368 815 5422 uestiti
828 5375 894 5423 sunt
947 5365 1028 5422 'l'alis
1044 5362 1088 5419 vel
1103 5368 1191 5419 tante
1208 5367 1248 5422 rei
1261 5369 1428 5438 pradicatio
1441 5369 1663 5446 clamorutiquo
1674 5382 1728 5442 est,
1747 5378 1777 5429 et

61 5456 396 5529 mecuamajoreurque
407 5456 443 5513 cd
457 5458 601 5523 minorem,
616 5464 641 5512 et
650 5455 894 5529 pervenitocrtum
949 5455 1777 5534 tragoromniaureshabentiterribilis,itautnihilsitien
