3826 6014
170 223 224 284 tel
718 211 893 274 RUPEB'l'l
914 207 1079 271 scennis
1100 205 1323 272 TUlTlENSlS
1816 205 1880 266 ton

170 352 286 409 nihilius
297 350 351 408 hoc
364 348 478 417 auditu,
491 345 742 418 quemadmodum
758 343 996 412 atillesenseret‚
1009 344 1035 410 Α
1051 339 1129 413 plius
1144 341 1350 415 subjungendo
1366 340 1555 397 manifestat:
1570 339 1638 396 Nola
1649 339 1725 395 enim
1741 354 1785 395 nos
1801 338 1880 411 ipna·

171 444 222 514 qui
251 441 291 496 ita
314 438 445 509 loquitur
462 435 621 493 :denudatur
638 438 713 492 enim
738 437 785 490 ira
803 435 853 489 liei
871 433 903 489 de
929 433 994 488 cala
1049 447 1123 499 rare,
1138 434 1251 503 fratres,
1267 434 1332 504 qnia
1355 448 1429 502 saepe
1452 431 1582 502 proposui
1606 430 1702 486 uenire
1726 430 1762 485 ad
1778 447 1835 500 nos,
1852 437 1879 487 et

169 545 252 602 super
266 543 371 584 omnem
386 513 568 600 impietatim,
580 531 606 580 et
617 525 786 596 injustitiam
797 522 940 579 hominnm
951 536 996 577 ao·
1046 522 1202 595 prohibitus
1213 539 1274 578 sum
1289 539 1372 595 risque
1382 521 1480 592 adbuc,
1493 520 1594 591 (ibid),
1605 525 1660 576 etc.
1676 521 1877 577 Praevenieutc

169 635 234 675 rum
247 618 451 691 paternitatem
476 616 525 670 Dei
549 615 691 687 injustitia
713 613 837 670 detinent
857 613 946 681 (Rom.
962 609 994 683 ι).

169 709 246 765 Bene
261 724 329 781 ergo
344 706 477 763 ethocsd
488 704 661 777 mysterium
673 704 809 776 pertinet,
819 701 994 774 quodianas

169 797 312 854 introiens
327 795 473 853 civitatem
495 795 636 850 clamasse
665 792 776 849 dicitur
800 792 871 865 quia
896 793 995 849 Niniue

167 887 356 944 subvertetur.
372 888 405 941 Et
429 883 607 942 crediderunt
628 882 684 940 viri
711 883 844 939 Ninivitas
854 881 885 938 in
900 881 996 937 Domi·

170 995 249 1049 num,
264 982 292 1033 et
296 975 517 1049 predicaverunt
519 975 671 1046 p'epuninm,
682 981 708 1029 et
721 973 816 1030 uestiti
829 976 894 1027 sunt
909 969 996 1028 saccis

171 1067 301 1138 amajori
313 1081 399 1137 usque
414 1064 449 1121 ad
463 1064 622 1119 minimum.
641 1065 677 1117 nr
690 1063 814 1134 peruenit
824 1062 935 1117 varium
949 1076 995 1116 ns·

171 1173 223 1229 pue
236 1156 271 1212 nd
286 1171 377 1224 repam
391 1153 499 1210 Niniue.
515 1153 677 1209 litsnrreait
690 1150 808 1208 decutio
828 1167 890 1218 sua,
904 1153 930 1206 et
945 1151 995 1206 atr-

170 1245 236 1316 iecit
249 1247 444 1301 vestimentum
457 1259 538 1298 suurn
552 1259 569 1298 a
583 1257 621 1311 se,
637 1250 663 1298 ct
678 1240 792 1297 indutus
806 1245 846 1297 est
865 1255 953 1307 sarco,
967 1246 995 1297 et

170 1334 241 1391 sedit
255 1335 402 1401 incinere,
418 1338 442 1389 et
464 1332 603 1399 clamarit,
619 1336 645 1387 et
666 1329 755 1386 dixit:
784 1331 813 1387 ln
834 1328 933 1386 Ninive
960 1344 995 1385 ee

170 1440 216 1481 ore
231 1424 305 1494 repis
320 1429 347 1479 et
359 1421 519 1495 principum
533 1421 604 1492 ejus,
630 1419 743 1476 dicens:
767 1420 906 1487 Homines,
920 1418 996 1490 etin-

169 1519 275 1578 menta,
291 1519 315 1568 et
330 1513 418 1580 boves,
434 1516 459 1566 ct
471 1526 572 1583 pecora
586 1527 640 1566 nan
650 1511 758 1579 pustent
769 1508 932 1582 quidquam,
942 1524 994 1565 nea

167 1609 335 1675 pascantur,
350 1605 377 1656 et
391 1616 493 1671 aquam
508 1616 563 1656 non
579 1599 687 1666 bibant,
697 1606 722 1654 et
732 1599 895 1670 operiantur
909 1597 995 1654 saccis

171 1690 305 1757 homines,
317 1694 344 1746 et
364 1690 483 1745 clament
503 1687 539 1744 ad
562 1687 709 1745 Dominum
732 1690 762 1743 in
775 1685 952 1759 tortitudine,
965 1690 991 1742 at

168 1784 351 1838 convertatur
365 1781 409 1835 vir
422 1796 439 1835 a
453 1795 504 1835 sna
520 1780 568 1834 oia
582 1779 697 1851 mota,et
712 1778 746 1835 ab
760 1777 924 1851 iniquitate,
937 1793 996 1848 quae

168 1875 213 1946 *est
228 1872 258 1927 in
280 1871 409 1926 manibus
429 1885 534 1926 eornm.
557 1869 624 1938 Quis
646 1868 739 1926 scitii
768 1871 995 1932 adversatura

173 1959 294 2030 ipnaseat
304 1959 386 2026 Deus,
401 1962 428 2014 et
443 1961 598 2014 reuertatur
612 1974 629 2013 a
643 1964 739 2029 turer-e
754 1959 804 2014 ira
817 1974 884 2025 sua,
898 1962 924 2013 et
939 1972 994 2013 nan

171 2047 340 2120 pereamust
351 2048 405 2104 llas
415 2052 498 2120 gesta
507 2046 591 2104 valde
601 2047 800 2103 memorabilis
814 2047 994 2120 expositione

171 2154 230 2193 non
246 2137 367 2209 indiget,
383 2138 433 2192 sed
449 2135 505 2192 hoc
519 2152 635 2206 semper
650 2136 819 2192 memoriter
832 2136 993 2192 tenendum

170 2230 225 2292 est,
241 2226 311 2299 quia
327 2226 356 2281 in
373 2225 646 2281 condemnationem
658 2224 838 2281 lsraeliahoc
850 2224 993 2296 provenit,

170 2316 247 2387 quod
264 2315 396 2372 Ninivitae
413 2313 615 2387 poenitentism
631 2320 691 2370 tam
715 2315 773 2370 cito
794 2319 914 2386 tumque
929 2319 992 2370 stu·

170 2405 251 2461 diosa
275 2408 400 2478 egerunt
423 2420 473 2477 pru
498 2411 578 2461 metu
602 2406 746 2462 malcrum
778 2405 992 2478 temporalium,

171 2495 260 2552 lsrael
276 2500 373 2552 autem
386 2496 472 2552 toties
492 2502 653 2568 correptus,
670 2513 721 2569 per
744 2497 898 2568 prophetas
911 2515 992 2555 cnm·

170 2595 313 2660 monitus,
330 2608 424 2664 neque
441 2609 492 2665 pro
503 2592 826 2665 temporalium,neque
842 2610 893 2666 pro
909 2601 990 2651 actar-

170 2700 274 2739 narum
290 2683 396 2739 timore
412 2682 557 2737 malorum
573 2682 772 2754 poenitentiam
784 2683 855 2755 egit,
871 2686 904 2739 ut
919 2701 993 2740 rece·

170 2773 250 2829 deret
275 2789 292 2828 e
318 2771 444 2844 peccetis
469 2772 696 2843 Hieroboam,et
721 2789 844 2829 aureum
877 2773 990 2831 cultum

1049 611 1139 685 igitur
1149 615 1234 668 verbo
1246 613 1281 668 ad
1298 612 1444 683 ejusmodi
1459 627 1552 681 regem
1565 609 1678 679 Ninive,
1692 609 1741 666 ille
1751 613 1878 667 surrexit

1048 702 1161 758 desotio
1184 717 1243 771 suo,
1259 709 1327 773 etc,
1345 707 1376 758 ut
1401 719 1500 774 snprs.
1526 699 1628 773 Usque
1654 700 1726 757 adeo
1749 699 1877 773 proiecit

1050 791 1169 848 nuditus
1184 793 1275 862 verbi,
1291 799 1319 850 et
1334 792 1475 866 paulatim
1490 791 1624 861 invaluit,
1636 792 1880 849 utdealtitudine

1049 879 1147 953 gloriae
1166 881 1316 939 secularis
1332 881 1509 948 demitteret,
1525 887 1554 937 ct
1571 881 1677 937 subtus
1693 897 1724 937 se
1745 889 1880 937 cursaret

1049 986 1125 1042 genu
1142 971 1339 1043 verticemque
1350 970 1508 1028 inclinaret
1519 971 1593 1027 tanti
1607 969 1723 1043 imperii
1732 970 1880 1043 baptizato

1050 1060 1224 1131 imperatore
1238 1061 1428 1118 Constantino
1465 1078 1515 1132 per
1544 1060 1663 1115 bertum
1695 1059 1879 1132 Sylvestrum

1049 1149 1218 1222 pontificem
1234 1149 1401 1222 apostolice
1417 1149 1507 1206 aedis.
1519 1152 1591 1205 Nam
1618 1149 1647 1204 in
1664 1148 1713 1206 illo
1733 1156 1879 1222 qnantum

1050 1237 1205 1312 Evangelio
1216 1239 1324 1295 Christi
1335 1245 1447 1296 terrene
1459 1244 1588 1312 potestas
1602 1241 1802 1308 assurrexerit,
1810 1238 1880 1296 licet

1050 1326 1122 1384 satis
1138 1333 1240 1384 notum
1257 1328 1465 1402 sit,psulisper
1476 1334 1575 1386 tamen
1583 1331 1878 1386 commemorandum

1049 1427 1091 1473 est
1117 1434 1151 1473 ex
1175 1417 1326 1491 privilegia
1346 1427 1450 1475 sanctos
1475 1418 1615 1475 Romanae
1635 1418 1782 1487 Ecclesia,
1798 1419 1878 1491 quod

1050 1505 1128 1561 idem
1145 1507 1355 1564 Constantinus
1368 1508 1527 1581 imperator
1537 1508 1703 1566 constituit.
1716 1508 1749 1564 ln
1762 1526 1820 1582 quo
1834 1508 1882 1566 in·

1049 1601 1092 1650 ter
1115 1600 1219 1652 catera
1239 1596 1281 1653 sic
1306 1597 1376 1654 dicit
1407 1614 1414 1653 :
1439 1598 1618 1655 Decreoirnus
1637 1598 1747 1670 quidem
1766 1605 1793 1656 et
1816 1599 1879 1666 trac,

1048 1686 1078 1738 ut
1093 1683 1165 1741 idam
1180 1684 1347 1742 uenerabilis
1370 1689 1453 1742 Pater
1477 1696 1568 1744 noster
1590 1688 1730 1758 Sptaester
1754 1703 1879 1744 summus

1053 1776 1191 1845 pontiden,
1207 1775 1249 1831 vet
1263 1778 1321 1844 cp'ns
1336 1792 1504 1832 successores
1519 1793 1610 1833 omnes
1619 1777 1762 1848 pontifices
1777 1777 1876 1834 diade·

1053 1867 1137 1933 mate,
1151 1863 1275 1921 uidelicet
1289 1882 1391 1922 corana
1404 1884 1486 1939 qnam
1498 1883 1533 1922 ce
1546 1868 1734 1938 capitcnostra
1750 1867 1796 1923 itti
1809 1885 1877 1924 aaa·

1050 1953 1180 2009 cessimus
1193 1971 1229 2010 ec
1243 1971 1312 2011 auro
1320 1957 1484 2027 purissima,
1499 1962 1525 2012 et
1549 1958 1664 2025 pemmis
1691 1957 1820 2028 pretiosis
1835 1958 1878 2013 nti

1051 2041 1176 2111 micant,
1192 2052 1330 2100 eteorum
1353 2051 1435 2117 caput
1458 2046 1494 2102 ad
1513 2046 1627 2102 taudem
1654 2048 1704 2103 Dei
1724 2051 1750 2104 et
1764 2048 1877 2103 Domini

1050 2133 1138 2188 nostri
1149 2149 1206 2204 pro
1225 2133 1329 2191 tranare
1344 2135 1416 2190 beati
1437 2136 1513 2191 Petri
1533 2137 1650 2208 apostoli
1670 2142 1789 2208 pestere.
1815 2139 1875 2210 lpse

1050 2244 1113 2285 varo
1139 2228 1312 2285 beatissimus
1333 2247 1407 2302 papa
1436 2246 1519 2302 super
1550 2247 1680 2288 coronam
1712 2234 1875 2303 cteriamas,

1050 2333 1133 2390 paam
1147 2320 1219 2387 perit
1231 2319 1266 2374 ad
1280 2320 1398 2391 pluriam
1414 2321 1488 2376 beati
1511 2322 1590 2376 Petri
1615 2321 1739 2393 apostati
1762 2325 1875 2378 omnino

1050 2409 1111 2480 ipsa
1125 2423 1241 2466 scauro
1264 2425 1319 2465 nan
1342 2415 1382 2467 est
1404 2428 1500 2482 passus
1523 2413 1566 2468 uti
1580 2427 1693 2468 corona.
1716 2411 1874 2485 Plirypium

1049 2514 1112 2553 aera
1126 2498 1243 2554 candidi
1257 2501 1367 2568 nitaris,
1381 2499 1559 2572 splendidam
1575 2501 1804 2557 resurrectionem
1821 2503 1874 2557 lta·

1049 2587 1184 2642 miricam
1195 2587 1351 2659 desiccans,
1362 2590 1421 2657 eius
1433 2592 1621 2646 sacratissima
1631 2589 1730 2647 vertici
1743 2591 1873 2646 manibus

1048 2678 1150 2731 nostris
1178 2676 1371 2748 imposuimus,
1393 2686 1419 2734 et
1440 2684 1560 2735 tenentes
1584 2682 1773 2751 [rerrumeaui
1787 2680 1875 2751 ipsias

1047 2781 1096 2838 pro
1111 2768 1267 2822 reuerentia
1283 2767 1355 2823 beati
1369 2770 1446 2823 Petri
1459 2770 1586 2840 apostoli,
1601 2771 1730 2825 stratoris
1747 2771 1875 2842 efficium

1047 2856 1093 2910 itti
1105 2855 1294 2925 addicimus,
1305 2861 1468 2925 statuentes,
1476 2857 1569 2914 eodem
1577 2857 1697 2930 plrrppio
1707 2875 1800 2915 omncs
1811 2876 1876 2917 suc·

170 2952 308 3008 erasinus
331 2956 386 3020 ast,
417 2951 495 3023 qum
520 2951 708 3007 crediderunt
727 2952 780 3006 virs
806 2950 941 3008 ninivae
962 2953 991 3008 in
1045 2958 1165 3000 rasores
1179 2944 1238 3016 eius
1253 2944 1445 3014 circulariter
1468 2949 1511 3002 nti
1534 2946 1806 3018 intercessionibus,
1821 2948 1871 3004 aa·

170 3042 341 3105 Dominum,
356 3039 384 3095 id
401 3044 445 3096 cst
460 3041 536 3109 quod
550 3041 658 3096 iudeis
678 3040 947 3099 contradicentibus
963 3048 992 3099 et
1046 3035 1227 3089 mirantium
1255 3034 1368 3105 ‘'iiiiii“
1383 3035 1482 3092 'wilti-
1500 3037 1576 3094 Unde
1589 3041 1619 3092 αῖ
1636 3053 1690 3093 '²⁰²¹
1704 3036 1875 3111 P⁰²¹lifi⁶s¹lf⁸

169 3130 454 3200 blasphemantibus,
472 3138 572 3200 gentes
587 3129 695 3185 Christi
712 3135 883 3202 receperunt
899 3132 989 3187 Evan-
1006 3099 1027 3165 c
1046 3138 1117 3188 ⁰902
1132 3123 1253 3190 vilermis
1268 3124 1315 3179 ⁸⁶11
1339 3123 1428 3194 mapis
1452 3126 1573 3192 “militi
1597 3143 1679 3197 luam
1694 3128 1801 3183 'tisim'
1815 3129 1871 3182 sm·

169 3218 291 3290 getium,
307 3223 335 3273 et
364 3218 469 3289 gavisa,
489 3223 569 3287 gunt,
584 3222 611 3274 gt
633 3218 870 3291 glorificaverunt
885 3220 989 3279 Deum,
1043 3210 1118 3278 perii
1135 3213 1258 3282 dipnitar
1268 3217 1295 3268 st
1317 3213 1407 3284 pieria
1417 3217 1549 3283 potentine
1562 3217 1713 3270 decoretur.
1728 3216 1795 3270 licre
1810 3222 1869 3271 tam

167 3307 242 3363 Nam
253 3306 474 3378 prndicneerunt
497 3308 614 3378 quidem
638 3308 790 3378 ieiunium,
807 3316 833 3365 et
847 3309 931 3366 saccis
945 3327 991 3367 ac·
1044 3298 1182 3368 illituum
1196 3307 1318 3356 ”stillum
1328 3307 1358 3357 ²⁴2
1371 3303 1522 3375 diffluum
1536 3309 1586 3369 (δί’
1612 3320 1750 3377 immine
1768 3305 1870 3360 ΜΨ

168 3397 228 3452 aliti
236 3395 350 3462 suntid
360 3395 992 3471 estomnimodahumilitatiscompcsitione
1043 3405 1087 3444 πω
1103 3389 1181 3445 “ibit
1201 3397 1228 3446 θῑ
1252 3409 1346 3448 ‘imm
1369 3393 1458 3448 stall&
1473 3408 1520 3448 ⁵3¹⁴
1546 3393 1764 3449 0⁶⁶²'d0mssll'lm
1780 3396 1871 3466 repie-

168 3494 205 3550 ,ἃ
231 3497 340 3549 pamm
363 3494 486 3566 gmpjam
509 3510 574 3550 ⁸030
590 3500 844 3567 comparaverunt,
864 3496 914 3552 ,ed
935 3498 990 3553 ho,
1043 3495 1111 3533 num
1126 3481 1292 3548 prouincias,
1305 3481 1373 3550 loca,
1385 3490 1410 3536 et
1421 3483 1554 3549 ciuitates,
1565 3486 1699 3554 praefacta
1711 3483 1871 3540 beatissima

168 3602 234 3642 eum
244 3585 349 3657 gaudio
360 3585 815 3656 fecerunt,pmcupghabenpes
823 3588 989 3657 jucundum
1041 3569 1168 3639 pontifici
1179 3571 1256 3641 patri
1271 3579 1364 3627 nostro
1378 3571 1519 3641 Spioestra
1545 3571 1699 3628 uniuersali
1712 3589 1792 3644 papie
1805 3577 1869 3629 tra·

169 3674 990 3749 prasentistristitiatractum,scilicetremissionem,et
1042 3658 1134 3716 ‘1⁶⁸²ss
1149 3669 1230 3734 “illle
1245 3662 1434 3732 '‘ltnlutnlti
1458 3665 1494 3730 0²¹2
1518 3668 1545 3717 il
1568 3662 1767 3719 iutoeitffi'lui
1784 3666 1871 3734 iiiiii

168 3775 300 3837 apertum
318 3765 376 3821 sibi
391 3781 514 3837 regnum
527 3767 676 3821 emiorum.
691 3772 866 3836 dipemenit,
878 3768 987 3838 inquit,
1040 3750 1231 3820 mmmcmlii»
1248 3767 1265 3804 α
1282 3767 1397 3824 tumim
1411 3757 1557 3823 imiimi·
1573 3762 1599 3807 ‘l
1614 3753 1719 3809 illim
1735 3770 1787 3825 tm·
1800 3756 1873 3810 '‘⁰’‘ss

166 3855 278 3911 „erbum
294 3855 329 3908 ap
345 3870 439 3923 ,mm
454 3854 563 3911 Ninive,
578 3855 606 3909 gi
624 3859 705 3910 popu,
720 3856 849 3911 mundus
873 3857 987 3929 Ninive,
1040 3845 1164 3893 nostram
1173 3838 1293 3895 divalem
1308 3845 1333 3897 et
1348 3857 1455 3896 sacram
1472 3844 1676 3912 prapmaticcm
1689 3845 1867 3901 constitutio·

167 3945 236 4015 quid
263 3944 320 3999 „igi
350 3944 514 3999 pomum„
539 3943 695 4014 imperium
718 3943 912 4015 intelligimus
938 3963 989 4018 p„
1040 3943 1102 3984 nem
1115 3929 1285 3984 decernimus
1300 3929 1469 4002 disponenda
1484 3933 1635 4004 atqncjuri
1647 3942 1751 3989 sarram
1767 3934 1868 3989 ltarmr-

165 4048 262 4105 segem
276 4033 402 4088 Ninive‘l
426 4032 557 4103 Denique
581 4035 744 4086 Romanam
774 4032 988 4103 imperiumsic
1040 4029 1871 4105 nnEcclesiaconcedimuspernmnrndadlndeconprnnm·

164 4126 275 4178 terrore
298 4128 326 4177 et
350 4124 479 4194 potantia
503 4121 616 4175 eunctis
645 4120 743 4192 regnis
769 4121 986 4193 praeminebat,
1038 4119 1614 4196 prospeximus180nostrurninrpcrinnr
1628 4127 1870 4197 etrepnipotasta·

164 4213 312 4283 quomodo
328 4212 453 4266 ducibus
467 4208 527 4264 aive
549 4209 675 4281 satrapis
699 4209 729 4265 in
750 4210 881 4282 quolibet
896 4229 986 4285 regna
1039 4209 1281 4265 tamarientalilms
1296 4212 1449 4283 transferri
1460 4229 1492 4267 ac
1501 4217 1684 4269 transmutari
1699 4215 1868 4285 ropionibus,

163 4301 332 4373 praeminet
356 4299 437 4373 regia
463 4303 601 4371 potestas.
627 4301 670 4355 Ad
694 4299 863 4370 hujusmodi
886 4318 983 4374 regem
1038 4303 1063 4353 et
1075 4299 1105 4352 in
1114 4299 1246 4369 ltpaantii
1253 4303 1409 4371 prouincia,
1420 4303 1451 4356 in
1459 4306 1561 4373 optimo
1573 4305 1640 4372 ioca,
1653 4304 1761 4359 nomini
1774 4313 1869 4360 nostra

162 4389 397 4448 Niniveverhum
412 4387 585 4461 priusquam
598 4387 984 4462 ipsequnspervcnit,quie
1037 4389 1179 4444 civitatem
1193 4388 1340 4462 edificari,
1356 4399 1382 4446 ct
1401 4402 1526 4447 nostrum
1541 4391 1606 4448 illie
1629 4393 1762 4448 coristitui
1778 4397 1867 4466 impe·

161 4477 296 4535 videlicet
317 4478 410 4533 ltnms
425 4481 515 4549 caput
540 4478 653 4544 mundi,
679 4476 852 4549 priusquam
875 4481 984 4537 videret
1001 4474 1123 4548 Urium,
1140 4478 1271 4549 qnoniam
1287 4480 1335 4536 ubi
1347 4482 1525 4552 principetur
1540 4482 1721 4550 sacerdotnm,
1738 4492 1764 4540 et
1778 4485 1861 4541 corr-

162 4565 729 4639 spcstolosthristi,Evangeliumejus
757 4568 982 4636 audivit,etsa-
1037 4568 1135 4622 stianae
1168 4568 1317 4638 retipioms
1341 4575 1432 4641 capnt,
1463 4575 1499 4628 aa
1529 4573 1692 4642 imperatore
1714 4576 1863 4629 celestium

163 4657 278 4728 pienter
295 4656 476 4726 appendens,
502 4654 601 4726 lldem,
623 4662 652 4711 et
675 4657 843 4727 acceptione
859 4657 982 4730 dignum
1036 4658 1214 4712 constitutum
1236 4665 1287 4724 est,
1318 4659 1420 4726 iustum
1440 4676 1496 4716 nan
1519 4665 1614 4729 estut
1639 4662 1864 4733 illicimpcrator

170 2863 316 2919 desereret
328 2861 500 2918 vitulorum.
514 2862 640 2918 Parroin
655 2861 793 2934 mysterio
810 2861 901 2919 multo
916 2863 991 2920 dels-

161 4760 326 4803 sermonem
339 4743 493 4816 judicavit,
512 4760 711 4817 magnumque
722 4746 834 4802 caetcris
845 4747 982 4818 gentibus

160 4833 216 4890 tuit
231 4831 397 4903 exemplum
414 4832 554 4888 credenti.
574 4832 674 4904 Neque
690 4834 766 4890 enim
792 4842 981 4892 contemnen-

157 4924 225 4978 dum
244 4925 381 4994 putarent
396 4922 473 4993 quod
490 4921 634 4993 sapientia
655 4923 784 4979 Romana
809 4923 982 4981 rationabile

156 5027 221 5066 esse
233 5028 286 5066 sun
295 5011 467 5067 credulitate
474 5011 701 5082 comprobasset.
725 5012 804 5069 Unde
816 5015 980 5086 gratulatus

156 5098 337 5170 Apostolus:
363 5102 492 5156 Primum
511 5098 630 5171 pardem,
656 5102 706 5169 ait,
728 5101 836 5171 pretias
859 5119 912 5174 apo
927 5105 979 5162 Deo

154 5203 214 5243 meo
228 5204 337 5260 semper
350 5206 398 5260 per
412 5191 505 5246 iesum
518 5189 657 5245 cinisium
675 5205 725 5261 pro
748 5191 878 5247 amnibus
892 5194 977 5263 netis,

1037 4754 1162 4802 terrenus
1177 4746 1278 4803 habeat
1290 4751 1459 4819 patestatem.
1473 4749 1629 4822 Nimirum,
1643 4767 1709 4808 cum
1727 4752 1790 4808 hnc
1803 4753 1864 4822 jum

1038 4836 1133 4891 dictus
1149 4836 1360 4893 Constantinus
1376 4839 1457 4905 dixit,
1474 4845 1502 4895 et
1518 4841 1595 4908 iecit,
1611 4858 1688 4896 nunc
1701 4858 1750 4898 rex
1763 4842 1866 4899 Ninive

1036 4925 1069 4981 de
1083 4927 1207 4983 sotiosno
1217 4929 1350 4995 surrenti,
1361 4933 1430 4983 tunc
1440 4929 1604 4986 Romanum
1614 4930 1864 5001 imperiumvcrbo

1037 5015 1150 5071 Domini
1163 5018 1320 5086 assurexit,
1336 5026 1362 5074 et
1374 5019 1475 5087 abiecit
1490 5020 1680 5076 uestimentum
1694 5037 1776 5076 snum
1793 5039 1809 5076 n
1824 5037 1861 5089 sc,

1036 5103 1117 5161 idest
1127 5106 1194 5164 illas
1205 5107 1314 5181 quibus
1330 5109 1477 5165 involutus
1492 5110 1595 5176 iuerat,
1608 5111 1764 5184 religiones
1782 5114 1866 5168 taue-

1034 5196 1108 5252 tiens
1120 5199 1248 5269 reliquit,
1260 5200 1573 5272 susceptaChristiane
1581 5202 1760 5274 religionen!
1770 5203 1865 5259 induit

154 5277 221 5350 auia
235 5279 302 5350 fides
313 5288 402 5335 nestra
417 5282 603 5336 annuntiatur
617 5279 648 5334 in
664 5281 790 5336 universo
805 5281 919 5348 mundo,
936 5284 981 5339 eh
1033 5301 1153 5350 sermm,
1170 5291 1196 5342 ct
1211 5287 1319 5343 seditio
1333 5291 1436 5352 cinere,
1449 5293 1482 5345 ut
1496 5290 1630 5346 videlicet
1644 5291 1778 5348 ordinate
1796 5294 1864 5365 post

151 5383 277 5438 serrano,
302 5370 329 5425 ri
350 5367 483 5441 quomado
509 5368 619 5424 tandem
640 5368 794 5440 atiprtando
818 5386 980 5443 prosperum
1033 5374 1864 5448 asperitatempoenitentiamiroumdsretnrdelectamento

154 5454 210 5513 iter
224 5456 337 5516 irnlcnm
357 5457 386 5513 in
400 5458 542 5514 voluntate
557 5456 605 5513 bei
618 5456 749 5512 oenicndi
774 5458 809 5513 ad
833 5474 878 5515 aas
890 5459 977 5532 (dano.
1030 5461 1165 5535 Justitic,
1181 5465 1281 5521 dicens
1296 5481 1363 5521 cum
1374 5464 1551 5523 psalmista:
1569 5467 1737 5526 conscidisti
1750 5485 1861 5526 saccum

154 5545 187 5618 1).
201 5547 337 5604 Nondum
355 5564 423 5620 ergo
434 5547 470 5602 sd
487 5564 536 5605 eos
551 5550 680 5614 venerat,
703 5544 779 5602 sicut
801 5547 897 5605 udhuc
910 5567 978 5605 nm·
1032 5558 1168 5608 meamet
1191 5553 1397 5612 circumdedisti
1421 5570 1464 5613 ma
1478 5555 1584 5614 iaetitia
1606 5557 1689 5631 (Psat.
1700 5559 1791 5631 xxix).
1808 5560 1859 5614 lte·
