3832 6008
70 243 149 304 rost
733 233 943 300 ΟΟΜΜΕΝΤ.
967 238 1008 298 ΙΝ
1029 241 1109 304 tos.

1698 256 1777 318 {098

67 380 119 448 qui
135 379 273 434 violenter
288 379 382 434 aliena
396 377 560 450 rapiebant,
576 377 654 450 quod
670 381 773 433 contra
788 372 892 437 dehis,
908 365 937 432 A
951 373 1088 439 possimis
1101 379 1192 447 (Pron.
1205 381 1247 453 11),
1260 402 1271 434 a
1284 382 1397 440 scilicet
1408 386 1592 443 attendentes
1604 362 1777 460 temporalis

67 467 118 536 qui
134 467 229 523 aliena
254 467 431 524 blandiendo
447 466 554 523 tollunt
568 464 710 538 scripturn
734 467 802 520 est:
829 484 843 511 a
859 463 894 517 dt
949 477 1014 530 quae
1031 467 1208 539 percipiunt,
1231 476 1259 527 et
1283 473 1462 546 negligentes
1487 479 1595 532 eterna
1610 477 1687 534 bona
1711 495 1776 551 quaa

66 555 177 611 inimici
191 559 255 628 ejus
272 563 379 613 terram
396 557 507 629 lingent
522 556 607 625 (Psol.
627 560 711 621 cxxi.)
728 574 742 602 r
757 583 792 594 -
809 574 821 601 a
838 549 892 615 Oui
950 552 1083 618 perdunt.
1095 578 1108 605 a
1121 557 1455 635 Latribanturdnqnam,
1467 564 1542 620 inter
1558 566 1775 640 hujuscemodi,

65 646 221 715 rodebant,
240 671 250 697 a
268 647 400 720 inquam,
416 648 445 702 id
461 651 506 703 est
517 662 567 719 per
581 645 638 700 vim
655 643 738 714 quasi
754 642 892 698 dentibus
947 643 976 693 et
993 655 1058 696 esse
1073 646 1284 714 subsentibus,
1297 673 1310 699 n
1323 651 1351 706 id
1363 658 1407 707 est
1418 654 1624 725 subgravibus
1638 672 1775 714 curarum

66 735 194 791 rodendo
210 736 306 792 aliena
318 736 481 809 rapiebant,
499 756 512 787 e
527 736 555 790 in
582 732 752 799 solitudine,
768 755 782 783 »
804 730 832 785 id
848 728 894 785 est
948 728 1103 802 molestiis,
1121 757 1135 785 a
1151 736 1273 794 delicias
1289 741 1443 812 putabant,
1455 762 1470 791 »
1481 743 1696 814 quiavidelicet
1707 763 1775 819 pao.

66 825 96 880 in
115 826 203 882 lolius
220 827 286 882 boni
300 827 498 883 destitutione.
511 825 728 896 dlicnaquippe
740 819 889 877 nuntolle·
948 820 1079 876 catorum
1096 823 1340 885 delectationibus
1356 831 1447 902 pressi
1458 835 1487 886 et
1500 832 1606 888 ellectu
1622 832 1687 890 vite
1698 850 1773 907 pres·

66 917 142 980 rent,
156 914 211 970 nisi
225 916 306 986 prius
318 915 373 987 ipsi
387 915 416 970 in
429 914 616 971 interioribus
627 912 690 968 suls
702 911 794 968 sollae
805 907 890 965 vacui
947 906 1050 989 sentis,
1074 929 1162 983 quam
1186 917 1246 971 sint
1270 934 1374 990 aspera
1390 935 1454 990 que
1479 922 1642 992 patiuntur,
1665 925 1777 981 scilicet

67 1005 243 1059 acerimum
261 1004 377 1061 cultum
392 1005 614 1060 remansissent,
629 1025 643 1052 «
659 1001 829 1074 squalentes
843 1016 891 1056 ca·
941 991 1024 1052 Jrrxta
1052 999 1184 1059 Jeremiae
1212 1004 1387 1074 lamentum,
1417 1009 1592 1064 «inebriati
1626 1012 1775 1069 absinthio
1884 1064 1887 1069 .

67 1090 198 1148 lamitate
214 1100 242 1148 et
257 1094 386 1161 miseria,
401 1116 414 1143 r
431 1093 460 1149 id
475 1100 587 1150 estnon
602 1092 664 1148 sola
675 1114 689 1143 a
702 1089 865 1147 calamitate
877 1108 891 1137 u
947 1086 1054 1157 (Teren.
1072 1093 1131 1162 ur);
1148 1116 1162 1144 u
1179 1095 1259 1165 quia,
1276 1097 1355 1152 sicut
1370 1098 1421 1168 qui
1433 1098 1582 1155 absinthio
1598 1101 1773 1171 inebriatur,
1880 1100 1884 1105 ’

64 1179 109 1235 vel
126 1182 295 1238 infirmitate
310 1189 431 1251 natura,
448 1200 513 1256 quae
529 1184 601 1239 bene
621 1182 738 1238 condita
751 1180 781 1235 in
798 1178 892 1251 primo
909 1176 916 1187 “
946 1183 974 1232 et
989 1181 1065 1250 quod
1083 1185 1211 1254 sumpsit
1226 1200 1361 1241 amarum
1376 1197 1432 1253 est,
1446 1193 1475 1243 et
1486 1194 1583 1244 tamen
1595 1190 1771 1247 nonintelli·

65 1268 185 1326 homine
202 1274 270 1328 vitio
296 1275 421 1346 proprias
444 1272 604 1328 voluntatis
630 1273 665 1329 ad
692 1270 891 1326 infirmitatem
946 1267 1775 1349 giteamdemamaritudinemquarepletur(ebriusenim

65 1357 149 1429 lapsa
174 1367 233 1430 est;
250 1362 301 1418 sed
317 1385 331 1413 a
346 1368 375 1418 et
392 1363 522 1431 miseria,
538 1383 552 1412 e
570 1361 682 1417 scilicet
707 1364 892 1432 peccatorum
947 1359 1156 1431 qnisquequod
1171 1363 1280 1432 patitur
1294 1366 1406 1438 nescit),
1418 1365 1460 1422 sic
1475 1370 1615 1424 etsmura
1626 1374 1697 1424 sunt
1712 1386 1776 1441 qus

64 1450 238 1516 actualium,
252 1448 893 1520 quadumnaturaeindrmaeneccasitatibus
948 1461 1052 1501 avarus
1081 1449 1238 1520 probuJue
1268 1451 1332 1507 vitre
1361 1470 1461 1509 amore
1490 1456 1604 1524 tolerat,
1623 1460 1652 1512 et
1673 1463 1774 1515 tamen

65 1542 316 1612 superadduntur,
332 1542 415 1612 quasi
431 1546 508 1597 toras
523 1547 694 1612 erumpente
715 1539 892 1611 calamitate,
948 1536 1081 1591 camdem
1096 1539 1325 1596 amaritudinem
1350 1542 1510 1613 eupiditate
1535 1560 1630 1600 oscus
1645 1546 1773 1618 ignorat.

66 1631 164 1684 miseri
183 1631 319 1702 squalent
334 1630 453 1686 horrida
468 1636 544 1688 cute.
556 1654 570 1681 «
584 1632 617 1686 Et
632 1631 809 1686 mandebant
824 1629 893 1684 ber·
948 1624 1271 1698 Quietperpropbetam
1281 1631 1775 1706 denotaturdicentem:alipbraim

68 1719 130 1785 bus,
147 1743 161 1768 ι)
178 1721 206 1774 id
223 1725 267 1775 ccl
283 1720 431 1775 irridendo
442 1724 657 1777 consumebant
669 1720 744 1777 bona
760 1719 894 1775 infirmo·
910 1725 934 1790 Β
949 1712 1038 1769 tilulo
1052 1715 1271 1790 doutediligers
1282 1719 1418 1775 trituram
1435 1720 1528 1789 (Oseae.
1544 1723 1584 1793 x),
1601 1744 1616 1772 »
1627 1722 1655 1777 id
1667 1728 1773 1780 estou-

67 1824 133 1862 rum
151 1808 244 1875 inilia,
252 1809 337 1879 juxta
350 1808 442 1867 illud:
458 1832 469 1859 ι
483 1811 682 1882 Corrumpunt
693 1825 789 1864 mores
803 1809 895 1864 bonos
948 1802 1008 1875 pidi
1025 1804 1135 1876 quique
1150 1805 1192 1861 ita
1211 1809 1326 1864 etiamsi
1345 1808 1402 1866 sibi
1418 1826 1518 1867 vacare
1536 1811 1635 1880 liceat,
1651 1812 1773 1870 subesse
1860 1816 1863 1823 '

66 1896 212 1968 colloquia
226 1896 302 1952 mala
312 1898 387 1969 (Cor.
404 1900 463 1970 xv),
477 1921 491 1948 »
507 1928 541 1939 -
553 1921 567 1948 «
583 1906 609 1953 et
624 1898 761 1954 arborum
772 1896 895 1953 cortices
945 1897 1045 1948 tamen
1056 1895 1180 1951 terrenis
1192 1897 1351 1954 sudoribus
1364 1898 1514 1966 festinant,
1526 1900 1605 1957 sicut
1616 1901 1706 1959 vitula
1717 1902 1773 1958 tri-

65 1989 255 2055 mcndcecnt,
277 2010 292 2037 a
304 1988 331 2044 id
348 1995 393 2044 est
416 1989 614 2063 quorumdam
640 1989 839 2045 tortitudinem
863 1987 894 2042 in
945 1984 1018 2037 turae
1045 1982 1197 2041 laboribus
1226 1991 1343 2044 assueta
1366 1987 1503 2056 relaxata,
1533 1988 1704 2063 plerumque
1734 1992 1772 2049 ad

65 2080 124 2133 alta
140 2083 307 2150 surgentem
325 2078 506 2135 detrahendo
516 2078 720 2135 concidebant.
736 2102 749 2128 n
767 2079 800 2133 Ei
812 2077 894 2134 radix
944 2072 1080 2128 eumdem
1096 2071 1205 2130 laboris
1222 2092 1309 2131 usum
1320 2076 1408 2133 elium
1421 2094 1478 2133 non
1490 2079 1642 2150 compulsa
1655 2081 1773 2138 roverti·

59 2169 335 2239 juniperorumcrat
348 2168 431 2224 cibus
442 2185 557 2236 eorum,
567 2191 580 2218 »
592 2168 619 2223 id
632 2172 678 2225 cst
692 2168 819 2224 avaritie
830 2175 892 2225 stu·
945 2168 1000 2217 tur.
1017 2161 1075 2218 Gur
1093 2163 1172 2220 boo?
1186 2163 1327 2220 Videlicet
1341 2165 1410 2236 qnia
1423 2172 1503 2236 sunt,
1520 2169 1595 2224 sicut
1615 2169 1770 2242 sequitur:

62 2258 175 2323 dentes,
188 2263 221 2312 ut
235 2257 446 2328 supradictum
458 2261 512 2325 pst,
529 2259 599 2313 dum
614 2259 650 2312 ad
666 2273 764 2314 aarum
779 2262 892 2329 tempo.
944 2272 957 2301 a
977 2250 1039 2306 Filii
1065 2251 1235 2323 stultorum,
1251 2275 1266 2305 »
1292 2255 1322 2310 id
1346 2262 1389 2312 est
1409 2257 1573 2314 imitatores
1601 2258 1771 2332 iniquorum

62 2347 168 2402 mltum
179 2348 321 2402 &megum
332 2347 467 2417 madunt,
479 2364 535 2403 non
548 2347 680 2404 genennt
689 2353 831 2422 quanqam
841 2364 890 2403 ea.
944 2341 1183 2412 precedentium,
1196 2359 1363 2416 exquornm
1373 2346 1516 2416 pravitate
1526 2345 1580 2403 boc
1592 2347 1771 2406 didicerunt.

61 2436 129 2490 dem
146 2434 350 2506 avaritiaque
367 2436 450 2507 quasi
461 2436 630 2507 juniperus,
647 2443 679 2493 ut
695 2442 761 2493 ante
778 2439 890 2495 dictum
942 2448 956 2477 “
980 2428 1154 2499 Slulifflum·
1174 2432 1304 2502 inquam,
1321 2438 1350 2488 θῐ
1373 2434 1590 2506 lss¹1⁰blll¹¹fflst
1607 2436 1637 2491 id
1651 2442 1697 2493 fifll
1711 2453 1770 2495 1¹⁰1!

61 2528 117 2590 est,
129 2524 267 2594 prololiis
281 2525 467 2595 punctiones,
480 2525 561 2581 idest
576 2543 628 2596 pro
644 2525 890 2586 delectationibus
941 2534 1043 2575 eorum
1059 2521 1110 2592 qui
1127 2521 1264 2578 nobilitet
1279 2523 1364 2579 stulti
1384 2530 1463 2595 sunl,
1484 2526 1569 2597 juxto
1595 2526 1771 2599 Apostolum

63 2629 201 2667 curarum
215 2619 311 2668 sentes
326 2613 423 2683 habet,
440 2630 517 2670 nune
533 2615 652 2687 quidem
664 2616 694 2671 in
707 2616 888 2674 radicedelc.
940 2609 1106 2666 dicentem:
1121 2632 1135 2661 «
1146 2610 1176 2666 si
1186 2611 1254 2683 quis
1264 2611 1379 2669 videtur
1389 2614 1506 2685 sapiens
1520 2615 1658 2673 intervos
1670 2616 1700 2672 in
1715 2617 1770 2676 boo

62 2706 130 2772 ctat,
144 2704 192 2758 sed
208 2703 394 2774 postmodum
406 2704 528 2772 quasies
539 2705 627 2759 ramis
637 2704 779 2777 pungitin
792 2723 886 2777 poenc,
939 2698 1290 2767 sacu10,atultusuatut
1305 2701 1344 2757 eit
1359 2701 1477 2776 sapiens
1493 2704 1517 2775 (l
1530 2707 1595 2761 Gor.
1611 2707 1669 2776 111);
1685 2728 1699 2756 a
1716 2707 1767 2763 sed

22 2840 29 2855 ,
61 2815 75 2841 a
93 2791 147 2859 Qui
163 2792 198 2846 de
213 2790 403 2862 convallibus,
419 2813 433 2842 »
450 2792 644 2865 scilicetquas
660 2810 711 2865 per
729 2812 886 2853 ascensum
938 2803 1041 2843 eorum
1065 2789 1273 2862 qttiflpflssfflli
1298 2790 1373 2846 θθΐνῑ
1401 2795 1472 2847 flunt
1498 2792 1584 2863 istm·
1602 2794 1653 2865 Ἢ),
1671 2816 1686 2843 ”
1703 2811 1766 2866 (1⁰oe

60 2881 178 2936 virtutis
193 2882 330 2936 excedere
357 2898 414 2937 uon
430 2885 535 2937 curant
551 2907 558 2950 t
575 2905 590 2934 «
606 2882 641 2939 de
661 2882 853 2950 convallibus,
871 2909 885 2936 a
938 2877 1040 2948 procul
1056 2878 1145 2934 dubio
1162 2893 1269 2950 magna
1283 2879 1452 2952 ignobilitas
1467 2886 1522 2950 est,
1536 2887 1567 2938 et
1585 2882 1621 2938 ab
1637 2882 1689 2939 boc
1705 2905 1720 2934 «
1735 2884 1765 2939 in

60 2966 193 3039 inquam,
210 2969 272 3023 vitae
289 2968 452 3040 presentis,
475 2985 538 3040 que
554 2970 583 3024 in
600 2970 817 3042 comparatione
833 2986 883 3024 su·
936 2970 1014 3022 terra
1025 2966 1140 3038 penitus
1151 2984 1209 3025 non
1225 2973 1372 3039 parentes,
1387 2989 1400 3022 r
1418 2967 1447 3024 id
1463 2974 1507 3026 est
1521 2975 1623 3026 sancta
1638 2970 1766 3028 Ecclesia

58 3075 217 3130 pernoram
243 3058 326 3114 vallis
343 3060 401 3114 ima
416 3064 502 3116 estet
517 3060 695 3132 profundum
723 3060 829 3128 exsilii,
853 3059 881 3116 in
898 3083 924 3150 Ο
943 3072 1043 3113 eoram
1058 3058 1151 3114 oculis
1166 3058 1272 3116 divinis
1288 3061 1405 3132 propter
1425 3059 1618 3130 abjectionem
1642 3076 1764 3134 operum

57 3165 115 3220 quo
124 3150 293 3204 vireanctus
305 3150 677 3223 ascensionesdisponendo
690 3152 792 3221 plorat,
806 3152 884 3207 «ista
943 3161 1064 3202 suorum
1076 3147 1166 3221 ignoti
1178 3149 1347 3215 existentes,
1359 3147 1467 3220 quibus
1478 3149 1656 3221 quandoque
1666 3151 1766 3206 dicen·

59 3238 208 3308 rapientes
220 3254 285 3293 cum
299 3238 416 3310 singula
432 3239 618 3310 reperissent,
632 3241 740 3297 rideat
754 3241 884 3297 subortis

60 3328 266 3383 occasionibus
292 3344 392 3398 rapere
417 3329 591 3399 potuissent,
610 3351 624 3380 (ι
640 3331 676 3385 ad
693 3347 727 3386 ea
741 3348 808 3387 cum
824 3331 885 3387 cla·

61 3433 142 3471 more
158 3418 325 3482 currebant,
340 3442 350 3470 a
368 3418 453 3472 idest
468 3417 556 3473 etiam
573 3435 624 3489 pro
640 3436 729 3490 parva
745 3422 819 3492 stipe
831 3420 886 3477 liti·

61 3507 189 3579 gabant;
206 3523 418 3578 nonnunquam
434 3512 463 3563 et
478 3516 646 3563 sanctorum
664 3508 794 3574 Patrum,
810 3527 883 3582 quo·

60 3615 127 3653 rum
145 3598 249 3652 merita
264 3596 388 3668 adipisci
405 3614 462 3652 non
475 3606 618 3669 querunt,
630 3598 693 3654 loca
709 3603 794 3671 atquc
809 3600 884 3668 regi·

62 3686 153 3753 mina,
169 3685 288 3756 dirupta
303 3685 433 3757 quotidie
449 3702 528 3757 pace,
541 3687 758 3759 apprehendere
771 3693 884 3761 satage·

59 3775 142 3830 bant.
160 3795 174 3823 «
191 3776 223 3828 ln
239 3772 362 3828 desertis
380 3772 550 3830 babitabant
564 3776 750 3844 torrentium,
768 3797 783 3825 »
800 3776 886 3832 idest

58 3881 93 3919 ea
109 3864 138 3916 in
155 3861 208 3916 hnc
230 3862 290 3917 vita
309 3862 430 3934 adipisci
457 3865 633 3935 appetebant
656 3882 719 3936 qua
743 3871 885 3922 torrentes

58 3952 164 4020 nostri,
185 3951 213 4005 id
233 3955 279 4006 est
299 3952 503 4023 praedicatores
526 3953 631 4020 sancti,
657 3953 884 4028 dereliquerunt,

59 4045 110 4115 qui
126 4042 203 4097 vclut
218 4046 361 4097 torrentes
376 4043 459 4113 quasi
473 4043 610 4100 inhieme
625 4045 886 4102 exundantmulti·

59 4133 163 4190 tudine
175 4147 332 4202 aquarum,
342 4132 411 4188 dum
424 4132 454 4189 in
468 4132 604 4204 presenti
618 4134 677 4190 vita
689 4135 794 4205 quaead
806 4152 886 4191 com·

59 4223 240 4294 parationem
259 4221 363 4276 futurae
389 4223 557 4279 obscuraet
582 4222 688 4297 frigida
706 4228 749 4280 est
779 4224 888 4281 divinis
942 4273 948 4284 .
975 4272 980 4283 .

57 4311 143 4367 nobis
158 4310 280 4380 eloquiis
297 4311 403 4380 duuut3
421 4313 519 4367 estivo
531 4317 628 4368 autem
641 4313 701 4370 sole
716 4313 887 4371 adveniente

59 4416 91 4455 so
107 4402 287 4457 subtrabunt
297 4419 304 4469 ;
316 4401 385 4470 quia
396 4417 462 4456 oum
479 4406 591 4457 eternae
601 4404 700 4473 patris
712 4403 761 4458 lux
774 4404 884 4459 emicu-

58 4493 123 4558 erit,
142 4493 297 4563 predicare
318 4493 484 4547 cessabant.
501 4518 514 4542 «
533 4493 563 4547 ln
583 4517 592 4541 ι
612 4493 728 4565 borum,
749 4494 883 4567 inquam,

60 4601 72 4631 a
91 4581 263 4636 torrentium
281 4581 406 4636 desertis
423 4581 607 4646 babitabant,
625 4581 743 4637 »idest
771 4583 799 4636 in
824 4582 885 4638 illie

57 4685 122 4741 quae
135 4670 211 4741 justi
227 4672 366 4726 deserunt
380 4674 627 4740 etoontcmnunt;
645 4670 884 4728 inhianterinou·

59 4759 170 4814 babent
188 4781 201 4812 a
218 4765 247 4814 et
263 4760 292 4814 in
310 4759 443 4815 cavernis
471 4764 564 4826 terre,
580 4781 593 4808 »
610 4759 638 4814 id
655 4764 700 4815 est
726 4760 754 4815 in
770 4760 884 4834 cogita-

59 4849 190 4904 tionibus
205 4849 313 4921 pravis,
330 4849 483 4920 inquibus
500 4865 564 4905 seso
584 4850 619 4904 ab
639 4849 777 4906 humanis
793 4849 887 4908 oculis

59 4938 256 5007 abscondunt,
283 4944 426 5008 tanquam
457 4938 485 4991 in
517 4936 659 4994 cavernis.
686 4935 770 4994 «Vel
797 4955 887 5012 super

58 5026 201 5099 glaream,
211 5051 222 5075 ι
232 5027 357 5083 subaudi
369 5025 552 5092 babitabant,
564 5025 594 5082 id
605 5031 650 5082 eet
661 5043 748 5100 super
756 5044 885 5099 presen-

940 3235 1010 3291 dum
1026 3241 1089 3294 est:
1106 3260 1120 3288 ιι
1138 3241 1227 3295 Amen
1255 3239 1319 3295 dico
1340 3238 1421 3294 vobis
1436 3254 1444 3293 ε
1459 3238 1562 3295 Nescio
1585 3255 1637 3295 vos
1652 3239 1765 3310 (darre.

939 3329 1012 3397 xxv),
1031 3349 1045 3377 »
1061 3326 1131 3399 quie
1144 3329 1279 3385 videlicet
1293 3329 1436 3402 quidquid
1453 3329 1535 3400 prius
1551 3329 1578 3384 in
1597 3335 1699 3387 sancta
1714 3334 1768 3387 Ee·

939 3416 1028 3473 alesia
1043 3417 1130 3488 positi
1145 3418 1322 3474 verbotenus
1337 3418 1419 3488 quasi
1436 3420 1661 3487 venerabantur,
1679 3435 1765 3475 econ·

940 3506 1769 3579 trariopostmodumderidentesimpugnant.Undeaper·

940 3598 968 3651 te
982 3595 1141 3650 subditur:

976 3702 1054 3758 m
1065 3700 1151 3756 Vsas.
1168 3701 1194 3756 9.
1206 3731 1241 3742 -
1256 3723 1271 3752 a
1288 3700 1371 3759 Nunc
1384 3701 1414 3756 in
1425 3717 1528 3757 eornm
1542 3702 1689 3758 canticum
1700 3719 1766 3760 vcr-

940 3808 992 3848 sus
1007 3807 1086 3856 sum,
1101 3794 1130 3846 et
1145 3790 1239 3846 tuclus
1255 3807 1321 3846 sum
1338 3790 1379 3846 eis
1393 3790 1423 3845 in
1449 3791 1648 3862 proverbium,
1665 3813 1679 3840 a
1695 3792 1766 3863 quis

939 3880 1073 3936 videlicet
1087 3879 1198 3951 iniquis
1213 3879 1424 3946 crescentibus,
1440 3879 1470 3935 in
1482 3878 1672 3949 opprobrium
1689 3881 1762 3936 lldcs

939 3975 967 4024 ct
982 3967 1088 4023 veritas
1098 3967 1154 4023 erit
1164 3965 1193 4022 in
1208 3967 1341 4033 crimine,
1357 3973 1384 4023 et
1395 3971 1475 4024 tanto
1486 3965 1612 4039 quisque
1623 3967 1679 4023 erit
1691 3969 1763 4025 ebo·

941 4056 1103 4126 minabilis,
1120 4061 1230 4129 quanto
1245 4055 1413 4112 laudabilis.

975 4182 1064 4239 Vena.
1079 4182 1122 4236 10.
1134 4212 1167 4223 -
1179 4203 1193 4231 «
1207 4182 1423 4238 Abominanlur
1435 4197 1492 4248 me,
1503 4182 1763 4240 »subaudiomnes

941 4273 1046 4344 iniqui,
1058 4294 1073 4322 «
1084 4276 1111 4325 et
1123 4270 1208 4345 lunge
1221 4271 1338 4343 lugiunt
1348 4288 1364 4327 a
1376 4287 1434 4342 me,
1448 4292 1462 4321 o
1475 4269 1586 4327 scilieet
1599 4287 1657 4327 non
1669 4272 1762 4344 passi-

942 4365 999 4420 bus
1015 4379 1159 4433 gressum,
1175 4363 1225 4418 sed
1242 4361 1573 4434 qualitatibusmorum,
1591 4385 1605 4413 «
1616 4367 1645 4418 et
1660 4362 1763 4419 taciem

901 4450 924 4516 [l
940 4469 1034 4509 meam
1048 4468 1209 4525 conspuere
1221 4468 1279 4507 non
1291 4457 1437 4520 verentur,
1452 4475 1465 4500 n
1478 4451 1560 4507 idest
1576 4469 1633 4509 non
1648 4456 1763 4510 tantum

939 4539 968 4594 in
984 4539 1118 4595 absentia
1133 4554 1197 4593 mea
1212 4538 1283 4593 inihi
1300 4537 1470 4605 detrabunt,
1483 4536 1534 4593 sed
1545 4538 1633 4594 etiam
1646 4538 1674 4592 in
1692 4555 1765 4609 prac-

938 4626 1247 4682 scntiaconlumeliam
1262 4624 1334 4680 mibi
1347 4624 1763 4696 iacienteslluxaverbaquasi

939 4715 1101 4771 defluentes
1132 4714 1240 4771 salivas
1276 4716 1409 4770 mittunt.
1440 4714 1474 4770 et
1503 4713 1572 4785 quia
1598 4712 1675 4770 nrala
1703 4712 1764 4769 hec

940 4805 1020 4861 novit
1045 4820 1076 4860 se
1102 4801 1290 4877 permittente
1314 4802 1439 4859 Domino
1454 4801 1524 4875 pati,
1550 4801 1763 4874 subjungitdi-

940 4910 1010 4952 oens
1023 4911 1030 4950 :

975 5005 1065 5062 Vnes.
1078 5003 1121 5059 ll.
1134 5033 1166 5043 -
1180 5024 1194 5052 «
1205 5001 1374 5057 Pheretram
1386 5016 1469 5057 suam
1481 4999 1627 5074 apernit»
1636 5001 1763 5057 subaudi

58 5116 97 5169 q„
114 5114 178 5169 „11ae
195 5114 306 5170 fluxum
335 5114 504 5182 inuitem
520 5120 548 5171 οἵ
572 5116 612 5170 ibi
629 5131 763 5187 gressum
781 5134 888 5190 ponem
940 5095 1095 5161 Dominus,
1112 5091 1140 5146 id
1152 5090 1243 5147 estde
1257 5089 1373 5147 occulto
1388 5089 1510 5146 oonsilio
1523 5105 1576 5145 suo
1587 5090 1763 5146 sententiam

61 5204 258 5268 intendentes,
276 5204 325 5259 nbi
341 5205 425 5276 quasi
447 5221 537 5276 super
558 5204 686 5277 glaream
708 5223 776 5263 oum
792 5224 843 5279 pes
858 5208 888 5265 in
941 5189 1084 5258 lpe‘tam’
1096 5181 1179 5252 ‘imi
1193 5180 1229 5235 d⁰
1243 5177 1646 5251 phamtmmssiu'fflinam’
1664 5201 1678 5229 “
1690 5179 1767 5277 Μ’

59 5291 215 5363 superficie
231 5292 361 5364 ponitur,
380 5293 444 5364 ipsa
458 5294 523 5364 ejus
533 5293 720 5351 volubilitate
730 5294 850 5366 labitur,
861 5302 891 5353 et
943 5275 1017 5330 Μ
1029 5287 1085 5338 ¹¹¹⁰·
1098 5293 1109 5323 '
1124 5269 1289 5369 ³⁰5¹i⁰⁰t⁰ffi
1306 5285 1393 5340 quam
1406 5269 1434 5323 in
1447 5273 1578 5368 “mm
1592 5270 1769 5367 pmspfmff'

59 5382 94 5437 Ed
113 5381 172 5436 im,
196 5381 365 5436 devoffim
384 5402 396 5433 ,
412 5382 467 5445 Qui
482 5381 558 5438 inq„
577 5381 783 5454 hujumodi
808 5383 890 5443 qm„
946 5365 985 5419 tia
997 5356 1772 5433 meequasielansapbaretracontinebat‚sapventrae

56 5471 177 5537 bantur,
195 5492 209 5519 n
226 5469 293 5543 quia
308 5470 442 5526 videlicet
453 5471 540 5541 juxta
565 5471 770 5529 Salomonem:
789 5474 892 5532 «telae
950 5470 1009 5510 ⁸⁰⁸³
1030 5449 1148 5523 ”Sim

58 5542 208 5624 lrotantur,
224 5576 291 5616 enm
307 5560 383 5616 male
399 5559 533 5631 iecerint,
549 5566 579 5617 et
603 5560 793 5618 exsultantia
804 5563 893 5621 rebus
982 5559 1177 5615 «barranum
1195 5555 1337 5627 poenitio
1354 5570 1386 5610 os
1399 5568 1497 5610 meum
1515 5574 1529 5602 n
1545 5550 1666 5619 scilicet,
1683 5554 1715 5606 ut
1730 5554 1772 5606 ta·

218 5680 353 5742 Person.
377 5677 535 5743 cnxvtn.
1587 5670 1626 5732 38
