<?xml version="1.0" encoding="UTF-8"?>
<!DOCTYPE html PUBLIC "-//W3C//DTD XHTML 1.0 Transitional//EN"
    "http://www.w3.org/TR/xhtml1/DTD/xhtml1-transitional.dtd">
<html xmlns="http://www.w3.org/1999/xhtml" xml:lang="en" lang="en">
 <head>
  <title>
</title>
<meta http-equiv="Content-Type" content="text/html;charset=utf-8" />
  <meta name='ocr-system' content='tesseract 3.04.00' />
  <meta name='ocr-capabilities' content='ocr_page ocr_carea ocr_par ocr_line ocrx_word'/>
</head>
<body>
  <div class='ocr_page' id='page_1' title='image "./patrologiaecurs14goog/patrologiaecurs14goog_0643.png"; bbox 0 0 3826 6014; ppageno 0'>
   <div class='ocr_carea' id='block_1_1' title="bbox 41 140 1863 263">
    <p class='ocr_par' dir='ltr' id='par_1_1' title="bbox 41 140 1863 263">
     <span class='ocr_line' id='line_1_1' title="bbox 41 140 1863 263; baseline -0.006 -6"><span class='ocrx_word' id='word_1_1' title='bbox 41 140 59 150; x_wconf 87' lang='lat'><strong>··</strong></span> <span class='ocrx_word' id='word_1_2' title='bbox 156 196 232 258; x_wconf 76' lang='lat'><strong>1271</strong></span> <span class='ocrx_word' id='word_1_3' title='bbox 491 256 495 263; x_wconf 60' lang='grc'><strong>,</strong></span> <span class='ocrx_word' id='word_1_4' title='bbox 690 187 861 252; x_wconf 70' lang='lat' dir='ltr'><strong>busseul</strong></span> <span class='ocrx_word' id='word_1_5' title='bbox 883 186 1053 249; x_wconf 67' lang='lat' dir='ltr'><strong>,consuls</strong></span> <span class='ocrx_word' id='word_1_6' title='bbox 1077 184 1309 249; x_wconf 80' lang='lat' dir='ltr'><strong>TUI&#39;I&#39;IENSIS.</strong></span> <span class='ocrx_word' id='word_1_7' title='bbox 1785 185 1863 248; x_wconf 78' lang='lat'><strong>1272</strong></span> 
     </span>
    </p>
   </div>
   <div class='ocr_carea' id='block_1_2' title="bbox 70 317 1863 852">
    <p class='ocr_par' dir='ltr' id='par_1_2' title="bbox 70 317 1863 852">
     <span class='ocr_line' id='line_1_2' title="bbox 150 317 1863 395; baseline -0.005 -11"><span class='ocrx_word' id='word_1_8' title='bbox 150 329 267 394; x_wconf 86' lang='lat' dir='ltr'><strong>mentis,</strong></span> <span class='ocrx_word' id='word_1_9' title='bbox 281 331 309 381; x_wconf 92' lang='lat' dir='ltr'><strong>et</strong></span> <span class='ocrx_word' id='word_1_10' title='bbox 321 325 434 381; x_wconf 90' lang='lat' dir='ltr'><strong>vultum</strong></span> <span class='ocrx_word' id='word_1_11' title='bbox 450 328 536 395; x_wconf 84' lang='lat' dir='ltr'><strong>atque</strong></span> <span class='ocrx_word' id='word_1_12' title='bbox 547 323 648 380; x_wconf 85' lang='lat' dir='ltr'><strong>laniem</strong></span> <span class='ocrx_word' id='word_1_13' title='bbox 660 322 825 395; x_wconf 80' lang='lat' dir='ltr'><strong>appellavit.</strong></span> <span class='ocrx_word' id='word_1_14' title='bbox 838 322 904 378; x_wconf 80' lang='lat' dir='ltr'><strong>Hoc</strong></span> <span class='ocrx_word' id='word_1_15' title='bbox 920 321 977 376; x_wconf 90' lang='lat' dir='ltr'><strong>uti·</strong></span> <span class='ocrx_word' id='word_1_16' title='bbox 992 325 1019 390; x_wconf 67' lang='lat' dir='ltr'>A</span> <span class='ocrx_word' id='word_1_17' title='bbox 1034 318 1179 391; x_wconf 85' lang='lat' dir='ltr'><strong>sepientis</strong></span> <span class='ocrx_word' id='word_1_18' title='bbox 1193 324 1299 376; x_wconf 88' lang='lat' dir='ltr'><strong>servat.</strong></span> <span class='ocrx_word' id='word_1_19' title='bbox 1315 323 1386 375; x_wconf 86' lang='lat' dir='ltr'><strong>Cum</strong></span> <span class='ocrx_word' id='word_1_20' title='bbox 1403 335 1489 375; x_wconf 86' lang='lat' dir='ltr'><strong>verus</strong></span> <span class='ocrx_word' id='word_1_21' title='bbox 1504 317 1591 390; x_wconf 90' lang='lat' dir='ltr'><strong>Deus,</strong></span> <span class='ocrx_word' id='word_1_22' title='bbox 1607 321 1636 374; x_wconf 90' lang='lat' dir='ltr'><strong>st</strong></span> <span class='ocrx_word' id='word_1_23' title='bbox 1651 335 1750 385; x_wconf 82' lang='lat' dir='ltr'><strong>verer,</strong></span> <span class='ocrx_word' id='word_1_24' title='bbox 1775 323 1863 392; x_wconf 86' lang='lat' dir='ltr'><strong>elque</strong></span> 
     </span>
     <span class='ocr_line' id='line_1_3' title="bbox 151 408 1860 489; baseline -0.005 -16"><span class='ocrx_word' id='word_1_25' title='bbox 151 435 208 489; x_wconf 89' lang='lat' dir='ltr'><strong>que</strong></span> <span class='ocrx_word' id='word_1_26' title='bbox 223 418 310 473; x_wconf 82' lang='lat' dir='ltr'><strong>verba</strong></span> <span class='ocrx_word' id='word_1_27' title='bbox 321 414 449 470; x_wconf 82' lang='lat' dir='ltr'><strong>Plutonis</strong></span> <span class='ocrx_word' id='word_1_28' title='bbox 462 415 537 470; x_wconf 83' lang='lat' dir='ltr'><strong>veris</strong></span> <span class='ocrx_word' id='word_1_29' title='bbox 548 418 580 468; x_wconf 94' lang='lat' dir='ltr'><strong>ut</strong></span> <span class='ocrx_word' id='word_1_30' title='bbox 593 430 656 469; x_wconf 87' lang='lat' dir='ltr'><strong>reor</strong></span> <span class='ocrx_word' id='word_1_31' title='bbox 669 411 975 486; x_wconf 83' lang='lat' dir='ltr'><strong>proximusunt..lleus</strong></span> <span class='ocrx_word' id='word_1_32' title='bbox 1029 425 1130 464; x_wconf 82' lang='lat' dir='ltr'><strong>verum</strong></span> <span class='ocrx_word' id='word_1_33' title='bbox 1145 409 1183 465; x_wconf 92' lang='lat' dir='ltr'><strong>sit</strong></span> <span class='ocrx_word' id='word_1_34' title='bbox 1197 409 1307 480; x_wconf 91' lang='lat' dir='ltr'><strong>ipsum,</strong></span> <span class='ocrx_word' id='word_1_35' title='bbox 1324 409 1396 464; x_wconf 82' lang='lat' dir='ltr'><strong>nihil</strong></span> <span class='ocrx_word' id='word_1_36' title='bbox 1412 408 1513 463; x_wconf 90' lang='lat' dir='ltr'><strong>diceus</strong></span> <span class='ocrx_word' id='word_1_37' title='bbox 1528 408 1585 463; x_wconf 90' lang='lat' dir='ltr'><strong>nisi</strong></span> <span class='ocrx_word' id='word_1_38' title='bbox 1598 424 1712 472; x_wconf 79' lang='lat' dir='ltr'><strong>seruus,</strong></span> <span class='ocrx_word' id='word_1_39' title='bbox 1729 408 1806 464; x_wconf 86' lang='lat' dir='ltr'>nihil</span> <span class='ocrx_word' id='word_1_40' title='bbox 1823 412 1860 466; x_wconf 86' lang='lat' dir='ltr'><strong>ls-</strong></span> 
     </span>
     <span class='ocr_line' id='line_1_4' title="bbox 151 496 1862 575; baseline -0.005 -12"><span class='ocrx_word' id='word_1_41' title='bbox 151 508 231 563; x_wconf 89' lang='lat' dir='ltr'><strong>snim</strong></span> <span class='ocrx_word' id='word_1_42' title='bbox 247 505 329 561; x_wconf 89' lang='lat' dir='ltr'><strong>sedat</strong></span> <span class='ocrx_word' id='word_1_43' title='bbox 344 503 375 559; x_wconf 90' lang='lat' dir='ltr'><strong>in</strong></span> <span class='ocrx_word' id='word_1_44' title='bbox 391 503 464 558; x_wconf 91' lang='lat' dir='ltr'><strong>sollo</strong></span> <span class='ocrx_word' id='word_1_45' title='bbox 479 503 596 575; x_wconf 84' lang='lat' dir='ltr'><strong>cupitis,</strong></span> <span class='ocrx_word' id='word_1_46' title='bbox 612 507 641 558; x_wconf 89' lang='lat' dir='ltr'><strong>st</strong></span> <span class='ocrx_word' id='word_1_47' title='bbox 655 504 740 575; x_wconf 90' lang='lat' dir='ltr'><strong>quasi</strong></span> <span class='ocrx_word' id='word_1_48' title='bbox 760 500 930 557; x_wconf 75' lang='lat' dir='ltr'><strong>dominatur</strong></span> <span class='ocrx_word' id='word_1_49' title='bbox 944 499 974 554; x_wconf 89' lang='lat' dir='ltr'><strong>iu</strong></span> <span class='ocrx_word' id='word_1_50' title='bbox 1028 497 1109 554; x_wconf 85' lang='lat' dir='ltr'><strong>ciens</strong></span> <span class='ocrx_word' id='word_1_51' title='bbox 1121 497 1176 555; x_wconf 86' lang='lat' dir='ltr'><strong>nisi</strong></span> <span class='ocrx_word' id='word_1_52' title='bbox 1187 499 1289 569; x_wconf 77' lang='lat' dir='ltr'><strong>duum,</strong></span> <span class='ocrx_word' id='word_1_53' title='bbox 1301 498 1371 570; x_wconf 87' lang='lat' dir='ltr'><strong>quid</strong></span> <span class='ocrx_word' id='word_1_54' title='bbox 1382 499 1537 569; x_wconf 87' lang='lat' dir='ltr'><strong>estjurere</strong></span> <span class='ocrx_word' id='word_1_55' title='bbox 1550 496 1605 552; x_wconf 87' lang='lat' dir='ltr'><strong>nisi</strong></span> <span class='ocrx_word' id='word_1_56' title='bbox 1624 514 1727 553; x_wconf 86' lang='lat' dir='ltr'><strong>verum</strong></span> <span class='ocrx_word' id='word_1_57' title='bbox 1738 499 1862 555; x_wconf 83' lang='lat' dir='ltr'><strong>dicere?</strong></span> 
     </span>
     <span class='ocr_line' id='line_1_5' title="bbox 70 587 1856 667; baseline -0.006 -12"><span class='ocrx_word' id='word_1_58' title='bbox 70 620 73 625; x_wconf 93' lang='lat'>·</span> <span class='ocrx_word' id='word_1_59' title='bbox 152 615 228 665; x_wconf 85' lang='lat' dir='ltr'><strong>erce,</strong></span> <span class='ocrx_word' id='word_1_60' title='bbox 245 613 347 667; x_wconf 90' lang='lat' dir='ltr'><strong>regens</strong></span> <span class='ocrx_word' id='word_1_61' title='bbox 363 595 491 666; x_wconf 86' lang='lat' dir='ltr'><strong>quinque</strong></span> <span class='ocrx_word' id='word_1_62' title='bbox 506 609 610 650; x_wconf 86' lang='lat' dir='ltr'><strong>sensus</strong></span> <span class='ocrx_word' id='word_1_63' title='bbox 625 598 655 649; x_wconf 91' lang='lat' dir='ltr'><strong>et</strong></span> <span class='ocrx_word' id='word_1_64' title='bbox 671 593 804 665; x_wconf 79' lang='lat' dir='ltr'><strong>prebens</strong></span> <span class='ocrx_word' id='word_1_65' title='bbox 817 591 975 663; x_wconf 88' lang='lat' dir='ltr'><strong>uuicuique</strong></span> <span class='ocrx_word' id='word_1_66' title='bbox 1027 588 1110 652; x_wconf 88' lang='lat' dir='ltr'><strong>Quod</strong></span> <span class='ocrx_word' id='word_1_67' title='bbox 1121 589 1325 660; x_wconf 88' lang='lat' dir='ltr'><strong>jurameutum</strong></span> <span class='ocrx_word' id='word_1_68' title='bbox 1350 587 1412 657; x_wconf 84' lang='lat' dir='ltr'><strong>Del,</strong></span> <span class='ocrx_word' id='word_1_69' title='bbox 1428 588 1465 644; x_wconf 89' lang='lat' dir='ltr'><strong>sit</strong></span> <span class='ocrx_word' id='word_1_70' title='bbox 1484 603 1585 643; x_wconf 87' lang='lat' dir='ltr'><strong>verum</strong></span> <span class='ocrx_word' id='word_1_71' title='bbox 1600 587 1708 656; x_wconf 89' lang='lat' dir='ltr'><strong>dicere,</strong></span> <span class='ocrx_word' id='word_1_72' title='bbox 1726 588 1856 645; x_wconf 83' lang='lat' dir='ltr'><strong>uldrmut</strong></span> 
     </span>
     <span class='ocr_line' id='line_1_6' title="bbox 152 676 1859 758; baseline -0.007 -14"><span class='ocrx_word' id='word_1_73' title='bbox 152 690 251 745; x_wconf 83' lang='lat' dir='ltr'><strong>debita</strong></span> <span class='ocrx_word' id='word_1_74' title='bbox 267 687 422 758; x_wconf 86' lang='lat' dir='ltr'><strong>stipendis.</strong></span> <span class='ocrx_word' id='word_1_75' title='bbox 438 686 493 741; x_wconf 79' lang='lat' dir='ltr'><strong>Sed</strong></span> <span class='ocrx_word' id='word_1_76' title='bbox 508 701 599 757; x_wconf 85' lang='lat' dir='ltr'><strong>quare</strong></span> <span class='ocrx_word' id='word_1_77' title='bbox 615 684 685 740; x_wconf 81' lang='lat' dir='ltr'><strong>dicit</strong></span> <span class='ocrx_word' id='word_1_78' title='bbox 701 684 781 740; x_wconf 87' lang='lat' dir='ltr'><strong>Plato</strong></span> <span class='ocrx_word' id='word_1_79' title='bbox 796 684 920 739; x_wconf 80' lang='lat' dir='ltr'><strong>formam</strong></span> <span class='ocrx_word' id='word_1_80' title='bbox 930 698 976 737; x_wconf 89' lang='lat' dir='ltr'><strong>cs·</strong></span> <span class='ocrx_word' id='word_1_81' title='bbox 1029 677 1396 750; x_wconf 80' lang='lat' dir='ltr'><strong>Dominuslesuslaquens</strong></span> <span class='ocrx_word' id='word_1_82' title='bbox 1407 676 1557 732; x_wconf 81' lang='lat' dir='ltr'><strong>iulosnus</strong></span> <span class='ocrx_word' id='word_1_83' title='bbox 1572 676 1685 743; x_wconf 66' lang='lat' dir='ltr'><strong>:dinem</strong></span> <span class='ocrx_word' id='word_1_84' title='bbox 1696 679 1784 732; x_wconf 78' lang='lat' dir='ltr'><strong>emen</strong></span> <span class='ocrx_word' id='word_1_85' title='bbox 1799 676 1859 733; x_wconf 70' lang='lat' dir='ltr'><strong>deo</strong></span> 
     </span>
     <span class='ocr_line' id='line_1_7' title="bbox 153 766 1857 852; baseline -0.006 -19"><span class='ocrx_word' id='word_1_86' title='bbox 153 779 222 852; x_wconf 89' lang='lat' dir='ltr'><strong>pitis</strong></span> <span class='ocrx_word' id='word_1_87' title='bbox 238 781 358 833; x_wconf 86' lang='lat' dir='ltr'><strong>teretem</strong></span> <span class='ocrx_word' id='word_1_88' title='bbox 381 791 446 831; x_wconf 90' lang='lat' dir='ltr'><strong>esse</strong></span> <span class='ocrx_word' id='word_1_89' title='bbox 460 783 487 830; x_wconf 90' lang='lat' dir='ltr'><strong>et</strong></span> <span class='ocrx_word' id='word_1_90' title='bbox 502 774 679 847; x_wconf 80' lang='lat' dir='ltr'><strong>globosam?</strong></span> <span class='ocrx_word' id='word_1_91' title='bbox 693 778 777 831; x_wconf 85' lang='lat' dir='ltr'><strong>certe</strong></span> <span class='ocrx_word' id='word_1_92' title='bbox 800 773 879 845; x_wconf 90' lang='lat' dir='ltr'><strong>quod</strong></span> <span class='ocrx_word' id='word_1_93' title='bbox 900 770 975 826; x_wconf 84' lang='lat' dir='ltr'>dixit</span> <span class='ocrx_word' id='word_1_94' title='bbox 1028 770 1104 826; x_wconf 82' lang='lat' dir='ltr'><strong>uotis</strong></span> <span class='ocrx_word' id='word_1_95' title='bbox 1115 770 1204 840; x_wconf 75' lang='lat' dir='ltr'><strong>(toan.</strong></span> <span class='ocrx_word' id='word_1_96' title='bbox 1217 769 1395 841; x_wconf 80' lang='lat' dir='ltr'><strong>vin).Amen,</strong></span> <span class='ocrx_word' id='word_1_97' title='bbox 1406 767 1435 822; x_wconf 90' lang='lat' dir='ltr'><strong>id</strong></span> <span class='ocrx_word' id='word_1_98' title='bbox 1447 771 1491 823; x_wconf 91' lang='lat' dir='ltr'><strong>ost</strong></span> <span class='ocrx_word' id='word_1_99' title='bbox 1505 782 1617 834; x_wconf 86' lang='lat' dir='ltr'><strong>vorum,</strong></span> <span class='ocrx_word' id='word_1_100' title='bbox 1629 766 1752 822; x_wconf 87' lang='lat' dir='ltr'><strong>verbum</strong></span> <span class='ocrx_word' id='word_1_101' title='bbox 1768 768 1857 823; x_wconf 82' lang='lat' dir='ltr'><strong>Evae·</strong></span> 
     </span>
    </p>
   </div>
   <div class='ocr_carea' id='block_1_3' title="bbox 150 856 1856 935">
    <p class='ocr_par' dir='ltr' id='par_1_3' title="bbox 150 856 1856 935">
     <span class='ocr_line' id='line_1_8' title="bbox 150 856 1856 935; baseline -0.007 -12"><span class='ocrx_word' id='word_1_102' title='bbox 150 872 242 925; x_wconf 83' lang='lat' dir='ltr'><strong>Moses</strong></span> <span class='ocrx_word' id='word_1_103' title='bbox 253 885 259 923; x_wconf 77' lang='grc' dir='ltr'><strong><em>ε</em></strong></span> <span class='ocrx_word' id='word_1_104' title='bbox 272 865 418 922; x_wconf 78' lang='lat' dir='ltr'><strong>Formsvit</strong></span> <span class='ocrx_word' id='word_1_105' title='bbox 429 869 503 920; x_wconf 85' lang='lat' dir='ltr'><strong>Deus</strong></span> <span class='ocrx_word' id='word_1_106' title='bbox 513 864 661 920; x_wconf 89' lang='lat' dir='ltr'><strong>hominem</strong></span> <span class='ocrx_word' id='word_1_107' title='bbox 673 864 708 919; x_wconf 88' lang='lat' dir='ltr'><strong>ud</strong></span> <span class='ocrx_word' id='word_1_108' title='bbox 721 863 878 935; x_wconf 77' lang='lat' dir='ltr'><strong>imaginem</strong></span> <span class='ocrx_word' id='word_1_109' title='bbox 890 877 974 917; x_wconf 89' lang='lat' dir='ltr'><strong>susm</strong></span> <span class='ocrx_word' id='word_1_110' title='bbox 1028 857 1096 930; x_wconf 85' lang='lat' dir='ltr'><strong>gelli</strong></span> <span class='ocrx_word' id='word_1_111' title='bbox 1114 858 1274 913; x_wconf 80' lang='lat' dir='ltr'><strong>coufirmat.</strong></span> <span class='ocrx_word' id='word_1_112' title='bbox 1283 856 1456 928; x_wconf 86' lang='lat' dir='ltr'><strong>Quicunque</strong></span> <span class='ocrx_word' id='word_1_113' title='bbox 1462 857 1555 928; x_wconf 84' lang='lat' dir='ltr'><strong>juret,</strong></span> <span class='ocrx_word' id='word_1_114' title='bbox 1567 872 1689 911; x_wconf 81' lang='lat' dir='ltr'><strong>causum</strong></span> <span class='ocrx_word' id='word_1_115' title='bbox 1701 856 1856 912; x_wconf 84' lang='lat' dir='ltr'><strong>confirmat</strong></span> 
     </span>
    </p>
   </div>
   <div class='ocr_carea' id='block_1_4' title="bbox 52 946 1853 1029">
    <p class='ocr_par' dir='ltr' id='par_1_4' title="bbox 52 946 1853 1029">
     <span class='ocr_line' id='line_1_9' title="bbox 52 946 1853 1029; baseline -0.005 -18"><span class='ocrx_word' id='word_1_116' title='bbox 52 1006 55 1011; x_wconf 91' lang='lat'>.</span> <span class='ocrx_word' id='word_1_117' title='bbox 152 958 228 1029; x_wconf 82' lang='lat' dir='ltr'><strong>(Gen.</strong></span> <span class='ocrx_word' id='word_1_118' title='bbox 241 959 260 1028; x_wconf 87' lang='grc' dir='ltr'><strong>ι)</strong></span> <span class='ocrx_word' id='word_1_119' title='bbox 273 952 920 1026; x_wconf 77' lang='lat' dir='ltr'><strong>boodlcitltcolceiastes:Sapientialmminis</strong></span> <span class='ocrx_word' id='word_1_120' title='bbox 934 952 975 1007; x_wconf 87' lang='lat' dir='ltr'><strong>la·</strong></span> <span class='ocrx_word' id='word_1_121' title='bbox 1028 947 1146 1003; x_wconf 89' lang='lat' dir='ltr'><strong>nomine</strong></span> <span class='ocrx_word' id='word_1_122' title='bbox 1159 947 1289 1018; x_wconf 88' lang='lat' dir='ltr'><strong>majoris.</strong></span> <span class='ocrx_word' id='word_1_123' title='bbox 1306 947 1361 1003; x_wconf 88' lang='lat' dir='ltr'><strong>Sed</strong></span> <span class='ocrx_word' id='word_1_124' title='bbox 1378 961 1526 1019; x_wconf 88' lang='lat' dir='ltr'><strong>perquem</strong></span> <span class='ocrx_word' id='word_1_125' title='bbox 1540 947 1684 1016; x_wconf 84' lang='lat' dir='ltr'><strong>mojorem</strong></span> <span class='ocrx_word' id='word_1_126' title='bbox 1697 962 1728 1001; x_wconf 92' lang='lat' dir='ltr'><strong>se</strong></span> <span class='ocrx_word' id='word_1_127' title='bbox 1738 946 1853 1017; x_wconf 83' lang='lat' dir='ltr'><strong>juraret</strong></span> 
     </span>
    </p>
   </div>
   <div class='ocr_carea' id='block_1_5' title="bbox 151 1034 1857 1561">
    <p class='ocr_par' dir='ltr' id='par_1_5' title="bbox 151 1034 1855 1384">
     <span class='ocr_line' id='line_1_10' title="bbox 151 1034 1855 1117; baseline -0.007 -14"><span class='ocrx_word' id='word_1_128' title='bbox 151 1055 192 1104; x_wconf 89' lang='lat' dir='ltr'><strong>cet</strong></span> <span class='ocrx_word' id='word_1_129' title='bbox 208 1048 326 1103; x_wconf 80' lang='lat' dir='ltr'><strong>anualta</strong></span> <span class='ocrx_word' id='word_1_130' title='bbox 337 1047 406 1117; x_wconf 86' lang='lat' dir='ltr'><strong>ejas.</strong></span> <span class='ocrx_word' id='word_1_131' title='bbox 419 1046 497 1112; x_wconf 84' lang='lat' dir='ltr'><strong>Quod</strong></span> <span class='ocrx_word' id='word_1_132' title='bbox 514 1060 580 1113; x_wconf 83' lang='lat' dir='ltr'><strong>ergo</strong></span> <span class='ocrx_word' id='word_1_133' title='bbox 594 1044 801 1112; x_wconf 81' lang='lat' dir='ltr'><strong>seusitlttoses,</strong></span> <span class='ocrx_word' id='word_1_134' title='bbox 817 1042 895 1116; x_wconf 88' lang='lat' dir='ltr'><strong>quod</strong></span> <span class='ocrx_word' id='word_1_135' title='bbox 907 1058 974 1098; x_wconf 90' lang='lat' dir='ltr'><strong>seu·</strong></span> <span class='ocrx_word' id='word_1_136' title='bbox 1028 1036 1229 1109; x_wconf 86' lang='lat' dir='ltr'><strong>superomnia</strong></span> <span class='ocrx_word' id='word_1_137' title='bbox 1249 1052 1372 1107; x_wconf 87' lang='lat' dir='ltr'><strong>mugnus</strong></span> <span class='ocrx_word' id='word_1_138' title='bbox 1388 1042 1415 1090; x_wconf 89' lang='lat' dir='ltr'><strong>et</strong></span> <span class='ocrx_word' id='word_1_139' title='bbox 1431 1052 1567 1090; x_wconf 88' lang='lat' dir='ltr'><strong>summus</strong></span> <span class='ocrx_word' id='word_1_140' title='bbox 1581 1034 1595 1090; x_wconf 82' lang='lat' dir='ltr'><strong>‘t</strong></span> <span class='ocrx_word' id='word_1_141' title='bbox 1610 1038 1685 1107; x_wconf 81' lang='lat' dir='ltr'><strong>Ergo</strong></span> <span class='ocrx_word' id='word_1_142' title='bbox 1711 1040 1791 1091; x_wconf 85' lang='lat' dir='ltr'><strong>Deus</strong></span> <span class='ocrx_word' id='word_1_143' title='bbox 1806 1053 1855 1108; x_wconf 89' lang='lat' dir='ltr'><strong>per</strong></span> 
     </span>
     <span class='ocr_line' id='line_1_11' title="bbox 151 1124 1853 1203; baseline -0.007 -11"><span class='ocrx_word' id='word_1_144' title='bbox 151 1136 191 1192; x_wconf 93' lang='lat' dir='ltr'><strong>sit</strong></span> <span class='ocrx_word' id='word_1_145' title='bbox 206 1135 406 1201; x_wconf 80' lang='lat' dir='ltr'><strong>Ecclesiastes,</strong></span> <span class='ocrx_word' id='word_1_146' title='bbox 424 1135 496 1189; x_wconf 87' lang='lat' dir='ltr'><strong>forto</strong></span> <span class='ocrx_word' id='word_1_147' title='bbox 513 1133 605 1188; x_wconf 88' lang='lat' dir='ltr'><strong>sensit</strong></span> <span class='ocrx_word' id='word_1_148' title='bbox 625 1137 654 1187; x_wconf 87' lang='lat' dir='ltr'><strong>et</strong></span> <span class='ocrx_word' id='word_1_149' title='bbox 669 1132 761 1200; x_wconf 86' lang='lat' dir='ltr'><strong>Pluto,</strong></span> <span class='ocrx_word' id='word_1_150' title='bbox 777 1131 827 1203; x_wconf 88' lang='lat' dir='ltr'><strong>qui</strong></span> <span class='ocrx_word' id='word_1_151' title='bbox 844 1130 974 1202; x_wconf 93' lang='lat' dir='ltr'><strong>philoso·</strong></span> <span class='ocrx_word' id='word_1_152' title='bbox 1027 1126 1156 1198; x_wconf 86' lang='lat' dir='ltr'><strong>scipsum</strong></span> <span class='ocrx_word' id='word_1_153' title='bbox 1166 1126 1392 1198; x_wconf 76' lang='lat' dir='ltr'><strong>Jarnt,jurando</strong></span> <span class='ocrx_word' id='word_1_154' title='bbox 1405 1125 1561 1197; x_wconf 73' lang='lat' dir='ltr'><strong>pertinen,</strong></span> <span class='ocrx_word' id='word_1_155' title='bbox 1573 1127 1668 1181; x_wconf 83' lang='lat' dir='ltr'><strong>Amen.</strong></span> <span class='ocrx_word' id='word_1_156' title='bbox 1684 1124 1745 1180; x_wconf 86' lang='lat' dir='ltr'><strong>Hoc</strong></span> <span class='ocrx_word' id='word_1_157' title='bbox 1761 1124 1853 1197; x_wconf 89' lang='lat' dir='ltr'><strong>ipsum</strong></span> 
     </span>
     <span class='ocr_line' id='line_1_12' title="bbox 154 1214 1853 1298; baseline -0.006 -16"><span class='ocrx_word' id='word_1_158' title='bbox 154 1221 975 1298; x_wconf 82' lang='lat' dir='ltr'><strong>pbsndopinxitlormsmcupitisessoteretemetglobo·</strong></span> <span class='ocrx_word' id='word_1_159' title='bbox 1023 1217 1124 1286; x_wconf 80' lang='lat' dir='ltr'><strong>jurare</strong></span> <span class='ocrx_word' id='word_1_160' title='bbox 1139 1220 1237 1273; x_wconf 89' lang='lat' dir='ltr'><strong>servat</strong></span> <span class='ocrx_word' id='word_1_161' title='bbox 1261 1216 1406 1289; x_wconf 82' lang='lat' dir='ltr'><strong>snpientia</strong></span> <span class='ocrx_word' id='word_1_162' title='bbox 1424 1216 1485 1284; x_wconf 86' lang='lat' dir='ltr'><strong>Dei,</strong></span> <span class='ocrx_word' id='word_1_163' title='bbox 1505 1221 1535 1271; x_wconf 91' lang='lat' dir='ltr'><strong>ut</strong></span> <span class='ocrx_word' id='word_1_164' title='bbox 1558 1214 1638 1288; x_wconf 86' lang='lat' dir='ltr'><strong>quod</strong></span> <span class='ocrx_word' id='word_1_165' title='bbox 1660 1214 1735 1271; x_wconf 86' lang='lat' dir='ltr'><strong>dicit</strong></span> <span class='ocrx_word' id='word_1_166' title='bbox 1756 1231 1853 1271; x_wconf 80' lang='lat' dir='ltr'><strong>rerum</strong></span> 
     </span>
     <span class='ocr_line' id='line_1_13' title="bbox 152 1304 1694 1384; baseline -0.007 -14"><span class='ocrx_word' id='word_1_167' title='bbox 152 1311 973 1384; x_wconf 78' lang='lat' dir='ltr'><strong>snmouodphilosophicorpusdivinumessspurubsnt,</strong></span> <span class='ocrx_word' id='word_1_168' title='bbox 1028 1311 1113 1375; x_wconf 79' lang='lat' dir='ltr'><strong>atque</strong></span> <span class='ocrx_word' id='word_1_169' title='bbox 1129 1308 1218 1361; x_wconf 85' lang='lat' dir='ltr'><strong>lixum</strong></span> <span class='ocrx_word' id='word_1_170' title='bbox 1235 1311 1404 1378; x_wconf 81' lang='lat' dir='ltr'><strong>permanent</strong></span> <span class='ocrx_word' id='word_1_171' title='bbox 1419 1306 1447 1360; x_wconf 91' lang='lat' dir='ltr'><strong>in</strong></span> <span class='ocrx_word' id='word_1_172' title='bbox 1465 1304 1566 1360; x_wconf 89' lang='lat' dir='ltr'><strong>ordine</strong></span> <span class='ocrx_word' id='word_1_173' title='bbox 1582 1322 1694 1361; x_wconf 88' lang='lat' dir='ltr'><strong>rerum.</strong></span> 
     </span>
    </p>

    <p class='ocr_par' dir='ltr' id='par_1_6' title="bbox 151 1394 1857 1561">
     <span class='ocr_line' id='line_1_14' title="bbox 155 1394 1857 1472; baseline -0.003 -15"><span class='ocrx_word' id='word_1_174' title='bbox 155 1401 371 1458; x_wconf 83' lang='lat' dir='ltr'><strong>dicebantitlud</strong></span> <span class='ocrx_word' id='word_1_175' title='bbox 382 1417 446 1456; x_wconf 82' lang='lat' dir='ltr'><strong>esse</strong></span> <span class='ocrx_word' id='word_1_176' title='bbox 458 1407 533 1455; x_wconf 90' lang='lat' dir='ltr'><strong>teres</strong></span> <span class='ocrx_word' id='word_1_177' title='bbox 543 1406 572 1456; x_wconf 91' lang='lat' dir='ltr'><strong>et</strong></span> <span class='ocrx_word' id='word_1_178' title='bbox 582 1400 748 1472; x_wconf 89' lang='lat' dir='ltr'><strong>globosum.</strong></span> <span class='ocrx_word' id='word_1_179' title='bbox 758 1400 975 1455; x_wconf 85' lang='lat' dir='ltr'><strong>Sioutrotundu</strong></span> <span class='ocrx_word' id='word_1_180' title='bbox 1063 1398 1149 1450; x_wconf 80' lang='lat' dir='ltr'><strong>Vens.</strong></span> <span class='ocrx_word' id='word_1_181' title='bbox 1164 1396 1224 1450; x_wconf 82' lang='grc'>5-7.</span> <span class='ocrx_word' id='word_1_182' title='bbox 1237 1426 1270 1437; x_wconf 86' lang='grc'><strong>-</strong></span> <span class='ocrx_word' id='word_1_183' title='bbox 1283 1395 1336 1464; x_wconf 85' lang='lat' dir='ltr'><strong>Qui</strong></span> <span class='ocrx_word' id='word_1_184' title='bbox 1360 1394 1483 1450; x_wconf 81' lang='lat' dir='ltr'><strong>custodit</strong></span> <span class='ocrx_word' id='word_1_185' title='bbox 1505 1399 1679 1467; x_wconf 74' lang='lat' dir='ltr'><strong>prereptos.</strong></span> <span class='ocrx_word' id='word_1_186' title='bbox 1702 1413 1759 1452; x_wconf 86' lang='lat' dir='ltr'><strong>non</strong></span> <span class='ocrx_word' id='word_1_187' title='bbox 1782 1412 1857 1466; x_wconf 74' lang='lat' dir='ltr'><strong>expe·</strong></span> 
     </span>
     <span class='ocr_line' id='line_1_15' title="bbox 151 1483 1857 1561; baseline -0.004 -17"><span class='ocrx_word' id='word_1_188' title='bbox 151 1489 217 1545; x_wconf 86' lang='lat' dir='ltr'><strong>sino</strong></span> <span class='ocrx_word' id='word_1_189' title='bbox 232 1489 375 1561; x_wconf 90' lang='lat' dir='ltr'><strong>principio</strong></span> <span class='ocrx_word' id='word_1_190' title='bbox 385 1493 493 1544; x_wconf 89' lang='lat' dir='ltr'><strong>suntet</strong></span> <span class='ocrx_word' id='word_1_191' title='bbox 509 1489 577 1555; x_wconf 82' lang='lat' dir='ltr'><strong>fine,</strong></span> <span class='ocrx_word' id='word_1_192' title='bbox 588 1497 626 1543; x_wconf 83' lang='lat' dir='ltr'><strong>rte</strong></span> <span class='ocrx_word' id='word_1_193' title='bbox 640 1493 717 1543; x_wconf 88' lang='lat' dir='ltr'><strong>Deus</strong></span> <span class='ocrx_word' id='word_1_194' title='bbox 730 1488 905 1560; x_wconf 86' lang='lat' dir='ltr'><strong>principium</strong></span> <span class='ocrx_word' id='word_1_195' title='bbox 917 1504 974 1543; x_wconf 89' lang='lat' dir='ltr'><strong>non</strong></span> <span class='ocrx_word' id='word_1_196' title='bbox 1026 1483 1116 1538; x_wconf 83' lang='lat' dir='ltr'><strong>rietur</strong></span> <span class='ocrx_word' id='word_1_197' title='bbox 1140 1483 1290 1555; x_wconf 80' lang='lat' dir='ltr'><strong><em>quidquam</em></strong></span> <span class='ocrx_word' id='word_1_198' title='bbox 1311 1485 1390 1539; x_wconf 74' lang='lat' dir='ltr'><strong>enati.</strong></span> <span class='ocrx_word' id='word_1_199' title='bbox 1417 1485 1532 1555; x_wconf 82' lang='lat' dir='ltr'><strong>Tempus</strong></span> <span class='ocrx_word' id='word_1_200' title='bbox 1555 1492 1581 1539; x_wconf 86' lang='lat' dir='ltr'><strong>et</strong></span> <span class='ocrx_word' id='word_1_201' title='bbox 1595 1488 1802 1556; x_wconf 73' lang='lat' dir='ltr'><strong>responsionem</strong></span> <span class='ocrx_word' id='word_1_202' title='bbox 1814 1501 1857 1541; x_wconf 84' lang='lat' dir='ltr'><strong>cor</strong></span> 
     </span>
    </p>
   </div>
   <div class='ocr_carea' id='block_1_6' title="bbox 70 1574 1856 1649">
    <p class='ocr_par' dir='ltr' id='par_1_7' title="bbox 70 1574 1856 1649">
     <span class='ocr_line' id='line_1_16' title="bbox 70 1574 1856 1649; baseline 0 -18"><span class='ocrx_word' id='word_1_203' title='bbox 70 1624 74 1631; x_wconf 93' lang='lat'>.</span> <span class='ocrx_word' id='word_1_204' title='bbox 152 1578 242 1634; x_wconf 84' lang='lat' dir='ltr'><strong>habet</strong></span> <span class='ocrx_word' id='word_1_205' title='bbox 257 1582 308 1633; x_wconf 89' lang='lat' dir='ltr'><strong>aut</strong></span> <span class='ocrx_word' id='word_1_206' title='bbox 318 1578 418 1645; x_wconf 86' lang='lat' dir='ltr'><strong>finem,</strong></span> <span class='ocrx_word' id='word_1_207' title='bbox 433 1579 682 1649; x_wconf 86' lang='lat' dir='ltr'><strong>quemadmodum</strong></span> <span class='ocrx_word' id='word_1_208' title='bbox 698 1577 760 1648; x_wconf 89' lang='lat' dir='ltr'><strong>ipse</strong></span> <span class='ocrx_word' id='word_1_209' title='bbox 774 1577 863 1631; x_wconf 92' lang='lat' dir='ltr'><strong>dicit:</strong></span> <span class='ocrx_word' id='word_1_210' title='bbox 880 1577 975 1649; x_wconf 65' lang='lat' dir='ltr'><strong>bigod</strong></span> <span class='ocrx_word' id='word_1_211' title='bbox 1027 1574 1159 1646; x_wconf 82' lang='lat' dir='ltr'><strong>sapientis</strong></span> <span class='ocrx_word' id='word_1_212' title='bbox 1167 1574 1309 1646; x_wconf 75' lang='lat' dir='ltr'><strong>intelligit.</strong></span> <span class='ocrx_word' id='word_1_213' title='bbox 1319 1577 1405 1634; x_wconf 87' lang='lat' dir='ltr'><strong>Omni</strong></span> <span class='ocrx_word' id='word_1_214' title='bbox 1415 1578 1522 1646; x_wconf 76' lang='lat' dir='ltr'><strong>negotio</strong></span> <span class='ocrx_word' id='word_1_215' title='bbox 1532 1579 1637 1647; x_wconf 87' lang='lat' dir='ltr'><strong>tempus</strong></span> <span class='ocrx_word' id='word_1_216' title='bbox 1657 1582 1708 1645; x_wconf 88' lang='lat' dir='ltr'><strong>est,</strong></span> <span class='ocrx_word' id='word_1_217' title='bbox 1720 1584 1747 1632; x_wconf 87' lang='lat' dir='ltr'><strong>et</strong></span> <span class='ocrx_word' id='word_1_218' title='bbox 1760 1592 1856 1648; x_wconf 79' lang='lat' dir='ltr'><strong>rpper-</strong></span> 
     </span>
    </p>
   </div>
   <div class='ocr_carea' id='block_1_7' title="bbox 152 1662 1860 1916">
    <p class='ocr_par' dir='ltr' id='par_1_8' title="bbox 152 1662 1860 1916">
     <span class='ocr_line' id='line_1_17' title="bbox 152 1662 1860 1764; baseline -0.004 -40"><span class='ocrx_word' id='word_1_219' title='bbox 152 1677 178 1724; x_wconf 82' lang='lat' dir='ltr'><strong>st</strong></span> <span class='ocrx_word' id='word_1_220' title='bbox 193 1673 233 1733; x_wconf 70' lang='grc' dir='ltr'><strong>Ως</strong></span> <span class='ocrx_word' id='word_1_221' title='bbox 248 1669 419 1739; x_wconf 75' lang='lat' dir='ltr'><strong>principiam</strong></span> <span class='ocrx_word' id='word_1_222' title='bbox 433 1672 459 1723; x_wconf 89' lang='lat' dir='ltr'><strong>et</strong></span> <span class='ocrx_word' id='word_1_223' title='bbox 473 1667 537 1737; x_wconf 75' lang='lat' dir='ltr'><strong>fines</strong></span> <span class='ocrx_word' id='word_1_224' title='bbox 552 1668 641 1738; x_wconf 78' lang='lat' dir='ltr'><strong>(Apoc.</strong></span> <span class='ocrx_word' id='word_1_225' title='bbox 666 1675 696 1725; x_wconf 85' lang='lat' dir='ltr'><strong>sl.</strong></span> <span class='ocrx_word' id='word_1_226' title='bbox 713 1666 764 1722; x_wconf 79' lang='lat' dir='ltr'><strong>ltst</strong></span> <span class='ocrx_word' id='word_1_227' title='bbox 783 1671 881 1722; x_wconf 85' lang='lat' dir='ltr'><strong>sutem</strong></span> <span class='ocrx_word' id='word_1_228' title='bbox 896 1667 975 1721; x_wconf 89' lang='lat' dir='ltr'><strong>inlus</strong></span> <span class='ocrx_word' id='word_1_229' title='bbox 989 1699 1013 1764; x_wconf 78' lang='lat' dir='ltr'><strong>B</strong></span> <span class='ocrx_word' id='word_1_230' title='bbox 1028 1664 1140 1730; x_wconf 79' lang='lat' dir='ltr'><strong>tenitas,</strong></span> <span class='ocrx_word' id='word_1_231' title='bbox 1156 1671 1181 1719; x_wconf 88' lang='lat' dir='ltr'><strong>et</strong></span> <span class='ocrx_word' id='word_1_232' title='bbox 1198 1663 1285 1719; x_wconf 88' lang='lat' dir='ltr'><strong>multa</strong></span> <span class='ocrx_word' id='word_1_233' title='bbox 1305 1663 1424 1718; x_wconf 80' lang='lat' dir='ltr'><strong>bominis</strong></span> <span class='ocrx_word' id='word_1_234' title='bbox 1439 1663 1567 1732; x_wconf 76' lang='lat' dir='ltr'><strong>afflictio,</strong></span> <span class='ocrx_word' id='word_1_235' title='bbox 1582 1664 1649 1735; x_wconf 81' lang='lat' dir='ltr'><strong>qaia</strong></span> <span class='ocrx_word' id='word_1_236' title='bbox 1668 1662 1781 1734; x_wconf 76' lang='lat' dir='ltr'><strong>ignorat</strong></span> <span class='ocrx_word' id='word_1_237' title='bbox 1794 1679 1860 1735; x_wconf 69' lang='lat' dir='ltr'><strong>pire·</strong></span> 
     </span>
     <span class='ocr_line' id='line_1_18' title="bbox 152 1751 1857 1828; baseline -0.004 -15"><span class='ocrx_word' id='word_1_238' title='bbox 152 1757 292 1826; x_wconf 86' lang='lat' dir='ltr'><strong>solidum,</strong></span> <span class='ocrx_word' id='word_1_239' title='bbox 308 1757 385 1828; x_wconf 90' lang='lat' dir='ltr'><strong>quod</strong></span> <span class='ocrx_word' id='word_1_240' title='bbox 402 1755 556 1828; x_wconf 87' lang='lat' dir='ltr'><strong>globosum</strong></span> <span class='ocrx_word' id='word_1_241' title='bbox 581 1773 646 1811; x_wconf 87' lang='lat' dir='ltr'><strong>esse</strong></span> <span class='ocrx_word' id='word_1_242' title='bbox 670 1755 975 1828; x_wconf 83' lang='lat' dir='ltr'><strong>dicitur.&#39;1&#39;sleceput</strong></span> <span class='ocrx_word' id='word_1_243' title='bbox 1030 1751 1122 1820; x_wconf 84' lang='lat' dir='ltr'><strong>terite,</strong></span> <span class='ocrx_word' id='word_1_244' title='bbox 1138 1759 1164 1808; x_wconf 86' lang='lat' dir='ltr'><strong>et</strong></span> <span class='ocrx_word' id='word_1_245' title='bbox 1176 1755 1274 1823; x_wconf 72' lang='lat' dir='ltr'><strong>(atara</strong></span> <span class='ocrx_word' id='word_1_246' title='bbox 1288 1753 1367 1808; x_wconf 76' lang='lat' dir='ltr'><strong>nartlo</strong></span> <span class='ocrx_word' id='word_1_247' title='bbox 1385 1751 1457 1808; x_wconf 83' lang='lat' dir='ltr'><strong>scire</strong></span> <span class='ocrx_word' id='word_1_248' title='bbox 1470 1760 1557 1824; x_wconf 84' lang='lat' dir='ltr'><strong>potest</strong></span> <span class='ocrx_word' id='word_1_249' title='bbox 1575 1753 1690 1809; x_wconf 84' lang='lat' dir='ltr'><strong>nuntio.</strong></span> <span class='ocrx_word' id='word_1_250' title='bbox 1712 1753 1857 1810; x_wconf 85' lang='lat' dir='ltr'><strong>Nuturslis</strong></span> 
     </span>
     <span class='ocr_line' id='line_1_19' title="bbox 152 1840 1856 1916; baseline -0.005 -13"><span class='ocrx_word' id='word_1_251' title='bbox 152 1854 198 1903; x_wconf 85' lang='lat' dir='ltr'><strong>est</strong></span> <span class='ocrx_word' id='word_1_252' title='bbox 212 1848 296 1910; x_wconf 80' lang='lat' dir='ltr'><strong>Deus,</strong></span> <span class='ocrx_word' id='word_1_253' title='bbox 313 1847 343 1903; x_wconf 88' lang='lat' dir='ltr'><strong>in</strong></span> <span class='ocrx_word' id='word_1_254' title='bbox 360 1864 390 1902; x_wconf 90' lang='lat' dir='ltr'><strong>se</strong></span> <span class='ocrx_word' id='word_1_255' title='bbox 405 1851 480 1902; x_wconf 88' lang='lat' dir='ltr'><strong>teres</strong></span> <span class='ocrx_word' id='word_1_256' title='bbox 496 1850 524 1901; x_wconf 80' lang='lat' dir='ltr'><strong>et·</strong></span> <span class='ocrx_word' id='word_1_257' title='bbox 538 1846 693 1915; x_wconf 61' lang='lat' dir='ltr'><strong>rotundus</strong></span> <span class='ocrx_word' id='word_1_258' title='bbox 710 1846 897 1901; x_wconf 86' lang='lat' dir='ltr'><strong>circumdans</strong></span> <span class='ocrx_word' id='word_1_259' title='bbox 913 1861 975 1900; x_wconf 92' lang='lat' dir='ltr'><strong>om·</strong></span> <span class='ocrx_word' id='word_1_260' title='bbox 1030 1840 1115 1913; x_wconf 85' lang='lat' dir='ltr'><strong>logis,</strong></span> <span class='ocrx_word' id='word_1_261' title='bbox 1132 1842 1237 1897; x_wconf 84' lang='lat' dir='ltr'><strong>veteris</strong></span> <span class='ocrx_word' id='word_1_262' title='bbox 1252 1846 1281 1897; x_wconf 90' lang='lat' dir='ltr'><strong>et</strong></span> <span class='ocrx_word' id='word_1_263' title='bbox 1297 1859 1375 1898; x_wconf 76' lang='lat' dir='ltr'><strong>noves</strong></span> <span class='ocrx_word' id='word_1_264' title='bbox 1391 1841 1519 1912; x_wconf 83' lang='lat' dir='ltr'><strong>plurima</strong></span> <span class='ocrx_word' id='word_1_265' title='bbox 1534 1847 1604 1897; x_wconf 92' lang='lat' dir='ltr'><strong>sunt</strong></span> <span class='ocrx_word' id='word_1_266' title='bbox 1621 1848 1779 1916; x_wconf 76' lang='lat' dir='ltr'><strong>precepta.</strong></span> <span class='ocrx_word' id='word_1_267' title='bbox 1797 1843 1856 1912; x_wconf 85' lang='lat' dir='ltr'><strong>qui-</strong></span> 
     </span>
    </p>
   </div>
   <div class='ocr_carea' id='block_1_8' title="bbox 54 1930 1859 2009">
    <p class='ocr_par' dir='ltr' id='par_1_9' title="bbox 54 1930 1859 2009">
     <span class='ocr_line' id='line_1_20' title="bbox 54 1930 1859 2009; baseline -0.004 -15"><span class='ocrx_word' id='word_1_268' title='bbox 54 2002 57 2007; x_wconf 45' lang='grc'><strong>,</strong></span> <span class='ocrx_word' id='word_1_269' title='bbox 153 1936 977 2009; x_wconf 80' lang='lat' dir='ltr'><strong>nia,virtutesuliduglobosus.Formsserohumsnioa·</strong></span> <span class='ocrx_word' id='word_1_270' title='bbox 1031 1930 1859 2003; x_wconf 75' lang='lat' dir='ltr'><strong>busuosususmunoipst.istisquodpraeceptumllcole-</strong></span> 
     </span>
    </p>
   </div>
   <div class='ocr_carea' id='block_1_9' title="bbox 151 2020 1859 2543">
    <p class='ocr_par' dir='ltr' id='par_1_10' title="bbox 151 2020 1859 2543">
     <span class='ocr_line' id='line_1_21' title="bbox 151 2020 1858 2100; baseline -0.004 -19"><span class='ocrx_word' id='word_1_271' title='bbox 151 2027 221 2100; x_wconf 89' lang='lat' dir='ltr'><strong>pitis</strong></span> <span class='ocrx_word' id='word_1_272' title='bbox 236 2034 312 2083; x_wconf 91' lang='lat' dir='ltr'><strong>teres</strong></span> <span class='ocrx_word' id='word_1_273' title='bbox 328 2032 356 2083; x_wconf 92' lang='lat' dir='ltr'><strong>et</strong></span> <span class='ocrx_word' id='word_1_274' title='bbox 368 2026 499 2099; x_wconf 80' lang='lat' dir='ltr'><strong>globosa,</strong></span> <span class='ocrx_word' id='word_1_275' title='bbox 522 2027 600 2098; x_wconf 89' lang='lat' dir='ltr'><strong>quud</strong></span> <span class='ocrx_word' id='word_1_276' title='bbox 617 2027 712 2098; x_wconf 83' lang='lat' dir='ltr'><strong>imago</strong></span> <span class='ocrx_word' id='word_1_277' title='bbox 728 2027 777 2081; x_wconf 84' lang='lat' dir='ltr'><strong>Dei</strong></span> <span class='ocrx_word' id='word_1_278' title='bbox 792 2028 840 2093; x_wconf 90' lang='lat' dir='ltr'><strong>sit,</strong></span> <span class='ocrx_word' id='word_1_279' title='bbox 858 2030 933 2082; x_wconf 87' lang='lat' dir='ltr'><strong>teres</strong></span> <span class='ocrx_word' id='word_1_280' title='bbox 948 2029 978 2081; x_wconf 94' lang='lat' dir='ltr'><strong>et</strong></span> <span class='ocrx_word' id='word_1_281' title='bbox 1030 2021 1136 2076; x_wconf 82' lang='lat' dir='ltr'><strong>siustes</strong></span> <span class='ocrx_word' id='word_1_282' title='bbox 1152 2023 1354 2093; x_wconf 79' lang='lat' dir='ltr'><strong>perpenderat,</strong></span> <span class='ocrx_word' id='word_1_283' title='bbox 1367 2021 1445 2093; x_wconf 91' lang='lat' dir='ltr'><strong>quod</strong></span> <span class='ocrx_word' id='word_1_284' title='bbox 1458 2021 1506 2092; x_wconf 80' lang='lat' dir='ltr'><strong>qui</strong></span> <span class='ocrx_word' id='word_1_285' title='bbox 1518 2021 1691 2077; x_wconf 87' lang='lat' dir='ltr'><strong>custodierit</strong></span> <span class='ocrx_word' id='word_1_286' title='bbox 1703 2022 1780 2078; x_wconf 88' lang='lat' dir='ltr'><strong>nibil</strong></span> <span class='ocrx_word' id='word_1_287' title='bbox 1793 2020 1858 2077; x_wconf 90' lang='lat' dir='ltr'><strong>msli</strong></span> 
     </span>
     <span class='ocr_line' id='line_1_22' title="bbox 152 2109 1859 2187; baseline -0.002 -17"><span class='ocrx_word' id='word_1_288' title='bbox 152 2116 271 2187; x_wconf 86' lang='lat' dir='ltr'><strong>globosa</strong></span> <span class='ocrx_word' id='word_1_289' title='bbox 286 2117 314 2171; x_wconf 92' lang='lat' dir='ltr'><strong>iu</strong></span> <span class='ocrx_word' id='word_1_290' title='bbox 328 2133 436 2172; x_wconf 91' lang='lat' dir='ltr'><strong>conum</strong></span> <span class='ocrx_word' id='word_1_291' title='bbox 453 2116 565 2171; x_wconf 88' lang='lat' dir='ltr'><strong>delluit.</strong></span> <span class='ocrx_word' id='word_1_292' title='bbox 580 2116 655 2180; x_wconf 84' lang='lat' dir='ltr'>Quid</span> <span class='ocrx_word' id='word_1_293' title='bbox 676 2120 721 2171; x_wconf 89' lang='lat' dir='ltr'><strong>est</strong></span> <span class='ocrx_word' id='word_1_294' title='bbox 737 2114 851 2171; x_wconf 87' lang='lat' dir='ltr'><strong>onnus?</strong></span> <span class='ocrx_word' id='word_1_295' title='bbox 880 2118 977 2171; x_wconf 84' lang='lat' dir='ltr'><strong>Canus</strong></span> <span class='ocrx_word' id='word_1_296' title='bbox 1031 2110 1217 2181; x_wconf 70' lang='lat' dir='ltr'><strong>experietur?</strong></span> <span class='ocrx_word' id='word_1_297' title='bbox 1239 2109 1330 2166; x_wconf 84' lang='lat' dir='ltr'><strong>Mults</strong></span> <span class='ocrx_word' id='word_1_298' title='bbox 1349 2120 1420 2166; x_wconf 92' lang='lat' dir='ltr'><strong>sunt</strong></span> <span class='ocrx_word' id='word_1_299' title='bbox 1439 2116 1583 2182; x_wconf 78' lang='lat' dir='ltr'><strong>precepto</strong></span> <span class='ocrx_word' id='word_1_300' title='bbox 1607 2112 1669 2175; x_wconf 82' lang='lat' dir='ltr'><strong>bei,</strong></span> <span class='ocrx_word' id='word_1_301' title='bbox 1689 2112 1742 2167; x_wconf 87' lang='lat' dir='ltr'><strong>sed</strong></span> <span class='ocrx_word' id='word_1_302' title='bbox 1764 2112 1859 2166; x_wconf 87' lang='lat' dir='ltr'><strong>omniu</strong></span> 
     </span>
     <span class='ocr_line' id='line_1_23' title="bbox 152 2200 1859 2277; baseline -0.003 -17"><span class='ocrx_word' id='word_1_303' title='bbox 152 2221 197 2260; x_wconf 86' lang='lat' dir='ltr'><strong>res</strong></span> <span class='ocrx_word' id='word_1_304' title='bbox 204 2210 280 2261; x_wconf 90' lang='lat' dir='ltr'><strong>teres</strong></span> <span class='ocrx_word' id='word_1_305' title='bbox 292 2205 543 2277; x_wconf 86' lang='lat' dir='ltr'><strong>atqueiulongum</strong></span> <span class='ocrx_word' id='word_1_306' title='bbox 554 2205 665 2260; x_wconf 83' lang='lat' dir='ltr'><strong>deflexu</strong></span> <span class='ocrx_word' id='word_1_307' title='bbox 676 2211 795 2260; x_wconf 81' lang='lat' dir='ltr'><strong>uocatur</strong></span> <span class='ocrx_word' id='word_1_308' title='bbox 806 2225 809 2231; x_wconf 94' lang='lat'>·</span> <span class='ocrx_word' id='word_1_309' title='bbox 819 2204 896 2259; x_wconf 87' lang='lat' dir='ltr'><strong>linea</strong></span> <span class='ocrx_word' id='word_1_310' title='bbox 907 2214 937 2258; x_wconf 90' lang='lat' dir='ltr'><strong>ut</strong></span> <span class='ocrx_word' id='word_1_311' title='bbox 962 2222 979 2259; x_wconf 85' lang='lat' dir='ltr'><strong>e</strong></span> <span class='ocrx_word' id='word_1_312' title='bbox 1033 2216 1125 2254; x_wconf 91' lang='lat' dir='ltr'><strong>unum</strong></span> <span class='ocrx_word' id='word_1_313' title='bbox 1135 2209 1213 2256; x_wconf 83' lang='lat' dir='ltr'><strong>sum.</strong></span> <span class='ocrx_word' id='word_1_314' title='bbox 1226 2200 1374 2256; x_wconf 82' lang='lat' dir='ltr'><strong>Omnluab</strong></span> <span class='ocrx_word' id='word_1_315' title='bbox 1386 2217 1444 2255; x_wconf 92' lang='lat' dir='ltr'><strong>uno</strong></span> <span class='ocrx_word' id='word_1_316' title='bbox 1454 2201 1755 2272; x_wconf 81' lang='lat' dir='ltr'><strong>oriunturprsecspto,</strong></span> <span class='ocrx_word' id='word_1_317' title='bbox 1765 2216 1859 2273; x_wconf 87' lang='lat' dir='ltr'><strong>quom·</strong></span> 
     </span>
     <span class='ocr_line' id='line_1_24' title="bbox 154 2290 1856 2365; baseline -0.002 -17"><span class='ocrx_word' id='word_1_318' title='bbox 154 2303 274 2365; x_wconf 85' lang='lat' dir='ltr'><strong>puncto,</strong></span> <span class='ocrx_word' id='word_1_319' title='bbox 290 2292 354 2348; x_wconf 87' lang='lat' dir='ltr'><strong>dies</strong></span> <span class='ocrx_word' id='word_1_320' title='bbox 368 2292 522 2362; x_wconf 81' lang='lat' dir='ltr'><strong>elongatur</strong></span> <span class='ocrx_word' id='word_1_321' title='bbox 536 2293 650 2348; x_wconf 87' lang='lat' dir='ltr'><strong>obuuo.</strong></span> <span class='ocrx_word' id='word_1_322' title='bbox 662 2292 735 2356; x_wconf 85' lang='lat' dir='ltr'><strong>Quid</strong></span> <span class='ocrx_word' id='word_1_323' title='bbox 749 2293 978 2364; x_wconf 85' lang='lat' dir='ltr'><strong>signisscstteres</strong></span> <span class='ocrx_word' id='word_1_324' title='bbox 1032 2290 1191 2346; x_wconf 77' lang='lat' dir='ltr'><strong>admodum</strong></span> <span class='ocrx_word' id='word_1_325' title='bbox 1209 2291 1307 2362; x_wconf 88' lang='lat' dir='ltr'><strong>plures</strong></span> <span class='ocrx_word' id='word_1_326' title='bbox 1329 2291 1402 2346; x_wconf 84' lang='lat' dir='ltr'><strong>rami</strong></span> <span class='ocrx_word' id='word_1_327' title='bbox 1427 2308 1461 2347; x_wconf 81' lang='lat' dir='ltr'><strong>ex</strong></span> <span class='ocrx_word' id='word_1_328' title='bbox 1482 2308 1541 2345; x_wconf 86' lang='lat' dir='ltr'><strong>una</strong></span> <span class='ocrx_word' id='word_1_329' title='bbox 1568 2295 1734 2346; x_wconf 80' lang='lat' dir='ltr'><strong>nuscuntur</strong></span> <span class='ocrx_word' id='word_1_330' title='bbox 1748 2291 1856 2346; x_wconf 87' lang='lat' dir='ltr'><strong>arbore.</strong></span> 
     </span>
     <span class='ocr_line' id='line_1_25' title="bbox 155 2378 1857 2454; baseline -0.001 -17"><span class='ocrx_word' id='word_1_331' title='bbox 155 2381 261 2453; x_wconf 84' lang='lat' dir='ltr'><strong>ospitis</strong></span> <span class='ocrx_word' id='word_1_332' title='bbox 276 2382 306 2437; x_wconf 90' lang='lat' dir='ltr'><strong>in</strong></span> <span class='ocrx_word' id='word_1_333' title='bbox 317 2398 484 2452; x_wconf 85' lang='lat' dir='ltr'><strong>conumque</strong></span> <span class='ocrx_word' id='word_1_334' title='bbox 496 2382 588 2454; x_wconf 78' lang='lat' dir='ltr'><strong>figura</strong></span> <span class='ocrx_word' id='word_1_335' title='bbox 603 2381 718 2447; x_wconf 68' lang='lat' dir='ltr'><strong>refluens,</strong></span> <span class='ocrx_word' id='word_1_336' title='bbox 733 2383 818 2437; x_wconf 89' lang='lat' dir='ltr'><strong>credo</strong></span> <span class='ocrx_word' id='word_1_337' title='bbox 842 2383 978 2453; x_wconf 82' lang='lat' dir='ltr'><strong>antiquos</strong></span> <span class='ocrx_word' id='word_1_338' title='bbox 1032 2378 1091 2435; x_wconf 90' lang='lat' dir='ltr'><strong>Hoo</strong></span> <span class='ocrx_word' id='word_1_339' title='bbox 1106 2386 1151 2435; x_wconf 86' lang='lat' dir='ltr'><strong>est</strong></span> <span class='ocrx_word' id='word_1_340' title='bbox 1167 2386 1340 2452; x_wconf 73' lang='lat' dir='ltr'><strong>preceptum</strong></span> <span class='ocrx_word' id='word_1_341' title='bbox 1358 2382 1436 2453; x_wconf 90' lang='lat' dir='ltr'><strong>quod</strong></span> <span class='ocrx_word' id='word_1_342' title='bbox 1450 2381 1552 2450; x_wconf 85' lang='lat' dir='ltr'><strong>legiler</strong></span> <span class='ocrx_word' id='word_1_343' title='bbox 1569 2386 1679 2448; x_wconf 84' lang='lat' dir='ltr'><strong>noster,</strong></span> <span class='ocrx_word' id='word_1_344' title='bbox 1696 2381 1800 2452; x_wconf 87' lang='lat' dir='ltr'><strong>legiler</strong></span> <span class='ocrx_word' id='word_1_345' title='bbox 1812 2398 1857 2436; x_wconf 93' lang='lat' dir='ltr'><strong>su·</strong></span> 
     </span>
     <span class='ocr_line' id='line_1_26' title="bbox 155 2470 1858 2543; baseline -0.001 -18"><span class='ocrx_word' id='word_1_346' title='bbox 155 2477 254 2542; x_wconf 86' lang='lat' dir='ltr'><strong>putres</strong></span> <span class='ocrx_word' id='word_1_347' title='bbox 269 2471 410 2535; x_wconf 84' lang='lat' dir='ltr'><strong>voluisse,</strong></span> <span class='ocrx_word' id='word_1_348' title='bbox 426 2488 483 2526; x_wconf 92' lang='lat' dir='ltr'><strong>non</strong></span> <span class='ocrx_word' id='word_1_349' title='bbox 501 2477 559 2526; x_wconf 77' lang='lat' dir='ltr'><strong>talu</strong></span> <span class='ocrx_word' id='word_1_350' title='bbox 575 2470 683 2526; x_wconf 88' lang='lat' dir='ltr'><strong>litteris</strong></span> <span class='ocrx_word' id='word_1_351' title='bbox 696 2487 784 2543; x_wconf 85' lang='lat' dir='ltr'><strong>quam</strong></span> <span class='ocrx_word' id='word_1_352' title='bbox 800 2471 894 2543; x_wconf 82' lang='lat' dir='ltr'><strong>signis</strong></span> <span class='ocrx_word' id='word_1_353' title='bbox 911 2489 979 2542; x_wconf 91' lang='lat' dir='ltr'><strong>pro·</strong></span> <span class='ocrx_word' id='word_1_354' title='bbox 1033 2485 1153 2540; x_wconf 84' lang='lat' dir='ltr'><strong>promus</strong></span> <span class='ocrx_word' id='word_1_355' title='bbox 1167 2470 1393 2542; x_wconf 83' lang='lat' dir='ltr'><strong>discipulissuis</strong></span> <span class='ocrx_word' id='word_1_356' title='bbox 1405 2471 1444 2526; x_wconf 87' lang='lat' dir='ltr'><strong>eil</strong></span> <span class='ocrx_word' id='word_1_357' title='bbox 1457 2487 1463 2525; x_wconf 90' lang='lat'>:</span> <span class='ocrx_word' id='word_1_358' title='bbox 1478 2473 1530 2525; x_wconf 85' lang='lat' dir='ltr'><strong>lloe</strong></span> <span class='ocrx_word' id='word_1_359' title='bbox 1539 2480 1577 2524; x_wconf 83' lang='lat' dir='ltr'><strong>est</strong></span> <span class='ocrx_word' id='word_1_360' title='bbox 1593 2482 1763 2541; x_wconf 75' lang='lat' dir='ltr'><strong>preceptum</strong></span> <span class='ocrx_word' id='word_1_361' title='bbox 1773 2486 1858 2525; x_wconf 72' lang='lat' dir='ltr'><strong>oneum</strong></span> 
     </span>
    </p>
   </div>
   <div class='ocr_carea' id='block_1_10' title="bbox 46 2560 1859 2724">
    <p class='ocr_par' dir='ltr' id='par_1_11' title="bbox 46 2560 1859 2724">
     <span class='ocr_line' id='line_1_27' title="bbox 46 2560 1858 2634; baseline 0.001 -18"><span class='ocrx_word' id='word_1_362' title='bbox 46 2592 49 2597; x_wconf 95' lang='lat'>·</span> <span class='ocrx_word' id='word_1_363' title='bbox 154 2561 222 2616; x_wconf 88' lang='lat' dir='ltr'><strong>dere</strong></span> <span class='ocrx_word' id='word_1_364' title='bbox 233 2560 327 2616; x_wconf 91' lang='lat' dir='ltr'><strong>nobis.</strong></span> <span class='ocrx_word' id='word_1_365' title='bbox 347 2560 420 2616; x_wconf 90' lang='lat' dir='ltr'><strong>Num</strong></span> <span class='ocrx_word' id='word_1_366' title='bbox 433 2560 830 2631; x_wconf 84' lang='lat' dir='ltr'><strong>picturatormsthumunam</strong></span> <span class='ocrx_word' id='word_1_367' title='bbox 843 2561 978 2632; x_wconf 80' lang='lat' dir='ltr'><strong>formum,</strong></span> <span class='ocrx_word' id='word_1_368' title='bbox 1033 2570 1064 2616; x_wconf 86' lang='lat' dir='ltr'><strong>at</strong></span> <span class='ocrx_word' id='word_1_369' title='bbox 1078 2560 1203 2633; x_wconf 78' lang='lat' dir='ltr'><strong>deligatis</strong></span> <span class='ocrx_word' id='word_1_370' title='bbox 1224 2565 1342 2618; x_wconf 77' lang='lat' dir='ltr'><strong>caricem</strong></span> <span class='ocrx_word' id='word_1_371' title='bbox 1363 2564 1453 2634; x_wconf 76' lang='lat' dir='ltr'><strong>(tuma</strong></span> <span class='ocrx_word' id='word_1_372' title='bbox 1470 2572 1525 2631; x_wconf 75' lang='lat' dir='ltr'><strong>xvj.</strong></span> <span class='ocrx_word' id='word_1_373' title='bbox 1546 2564 1644 2619; x_wconf 83' lang='lat' dir='ltr'><strong>Tollite</strong></span> <span class='ocrx_word' id='word_1_374' title='bbox 1657 2565 1758 2634; x_wconf 73' lang='lat' dir='ltr'><strong>jupani</strong></span> <span class='ocrx_word' id='word_1_375' title='bbox 1775 2579 1858 2618; x_wconf 86' lang='lat' dir='ltr'><strong>meum</strong></span> 
     </span>
     <span class='ocr_line' id='line_1_28' title="bbox 70 2649 1859 2724; baseline 0.002 -20"><span class='ocrx_word' id='word_1_376' title='bbox 70 2686 73 2690; x_wconf 82' lang='lat'>.</span> <span class='ocrx_word' id='word_1_377' title='bbox 151 2649 285 2705; x_wconf 87' lang='lat' dir='ltr'><strong>videmus</strong></span> <span class='ocrx_word' id='word_1_378' title='bbox 300 2650 446 2721; x_wconf 89' lang='lat' dir='ltr'><strong>quomodo</strong></span> <span class='ocrx_word' id='word_1_379' title='bbox 461 2666 477 2703; x_wconf 84' lang='lat' dir='ltr'><strong>n</strong></span> <span class='ocrx_word' id='word_1_380' title='bbox 491 2650 570 2703; x_wconf 85' lang='lat' dir='ltr'><strong>tereti</strong></span> <span class='ocrx_word' id='word_1_381' title='bbox 595 2649 622 2703; x_wconf 90' lang='lat' dir='ltr'><strong>in</strong></span> <span class='ocrx_word' id='word_1_382' title='bbox 639 2667 745 2704; x_wconf 87' lang='lat' dir='ltr'><strong>conum</strong></span> <span class='ocrx_word' id='word_1_383' title='bbox 762 2650 871 2704; x_wconf 82' lang='lat' dir='ltr'><strong>dellexa</strong></span> <span class='ocrx_word' id='word_1_384' title='bbox 886 2649 980 2720; x_wconf 82' lang='lat' dir='ltr'><strong>figura</strong></span> <span class='ocrx_word' id='word_1_385' title='bbox 1033 2667 1184 2719; x_wconf 72' lang='lat' dir='ltr'><strong>surrectus,</strong></span> <span class='ocrx_word' id='word_1_386' title='bbox 1200 2658 1226 2708; x_wconf 84' lang='lat' dir='ltr'><strong>et</strong></span> <span class='ocrx_word' id='word_1_387' title='bbox 1241 2651 1338 2707; x_wconf 84' lang='lat' dir='ltr'><strong>discite</strong></span> <span class='ocrx_word' id='word_1_388' title='bbox 1353 2669 1369 2706; x_wconf 88' lang='lat' dir='ltr'><strong>a</strong></span> <span class='ocrx_word' id='word_1_389' title='bbox 1384 2670 1427 2708; x_wconf 85' lang='lat' dir='ltr'><strong>me</strong></span> <span class='ocrx_word' id='word_1_390' title='bbox 1446 2652 1512 2724; x_wconf 72' lang='lat' dir='ltr'><strong>saia</strong></span> <span class='ocrx_word' id='word_1_391' title='bbox 1537 2655 1614 2708; x_wconf 80' lang='lat' dir='ltr'><strong>mitis</strong></span> <span class='ocrx_word' id='word_1_392' title='bbox 1628 2669 1688 2707; x_wconf 87' lang='lat' dir='ltr'><strong>sum</strong></span> <span class='ocrx_word' id='word_1_393' title='bbox 1707 2662 1734 2708; x_wconf 87' lang='lat' dir='ltr'><strong>ct</strong></span> <span class='ocrx_word' id='word_1_394' title='bbox 1750 2653 1859 2708; x_wconf 78' lang='lat' dir='ltr'><strong>lauinitis</strong></span> 
     </span>
    </p>
   </div>
   <div class='ocr_carea' id='block_1_11' title="bbox 152 2739 1862 3970">
    <p class='ocr_par' dir='ltr' id='par_1_12' title="bbox 152 2739 1862 3795">
     <span class='ocr_line' id='line_1_29' title="bbox 155 2739 1857 2814; baseline 0.002 -20"><span class='ocrx_word' id='word_1_395' title='bbox 155 2739 269 2811; x_wconf 75' lang='lat' dir='ltr'><strong>pictura</strong></span> <span class='ocrx_word' id='word_1_396' title='bbox 284 2739 444 2796; x_wconf 78' lang='lat' dir='ltr'><strong>circumdet</strong></span> <span class='ocrx_word' id='word_1_397' title='bbox 459 2747 544 2811; x_wconf 69' lang='lat' dir='ltr'><strong>capul</strong></span> <span class='ocrx_word' id='word_1_398' title='bbox 556 2742 591 2795; x_wconf 81' lang='lat' dir='ltr'><strong>ud</strong></span> <span class='ocrx_word' id='word_1_399' title='bbox 616 2746 747 2797; x_wconf 82' lang='lat' dir='ltr'><strong>ruentum</strong></span> <span class='ocrx_word' id='word_1_400' title='bbox 759 2757 852 2810; x_wconf 90' lang='lat' dir='ltr'><strong>usque</strong></span> <span class='ocrx_word' id='word_1_401' title='bbox 864 2740 979 2797; x_wconf 79' lang='lat' dir='ltr'><strong>rellesu.</strong></span> <span class='ocrx_word' id='word_1_402' title='bbox 1034 2741 1112 2796; x_wconf 85' lang='lat' dir='ltr'><strong>corde</strong></span> <span class='ocrx_word' id='word_1_403' title='bbox 1126 2742 1233 2812; x_wconf 67' lang='lat' dir='ltr'><strong>(illattla.</strong></span> <span class='ocrx_word' id='word_1_404' title='bbox 1252 2746 1301 2811; x_wconf 77' lang='lat' dir='ltr'><strong>xi).</strong></span> <span class='ocrx_word' id='word_1_405' title='bbox 1328 2742 1455 2797; x_wconf 82' lang='lat' dir='ltr'><strong>Jonnnes</strong></span> <span class='ocrx_word' id='word_1_406' title='bbox 1478 2742 1629 2813; x_wconf 83' lang='lat' dir='ltr'><strong>apostolus</strong></span> <span class='ocrx_word' id='word_1_407' title='bbox 1644 2759 1741 2814; x_wconf 88' lang='lat' dir='ltr'><strong>usque</strong></span> <span class='ocrx_word' id='word_1_408' title='bbox 1759 2744 1796 2798; x_wconf 84' lang='lat' dir='ltr'><strong>ud</strong></span> <span class='ocrx_word' id='word_1_409' title='bbox 1812 2743 1857 2799; x_wconf 87' lang='lat' dir='ltr'><strong>de·</strong></span> 
     </span>
     <span class='ocr_line' id='line_1_30' title="bbox 157 2827 1858 2902; baseline -0.002 -18"><span class='ocrx_word' id='word_1_410' title='bbox 157 2828 279 2884; x_wconf 76' lang='lat' dir='ltr'><strong>Picturae</strong></span> <span class='ocrx_word' id='word_1_411' title='bbox 289 2828 389 2885; x_wconf 77' lang='lat' dir='ltr'><strong>littere</strong></span> <span class='ocrx_word' id='word_1_412' title='bbox 403 2838 471 2883; x_wconf 87' lang='lat' dir='ltr'><strong>sunt</strong></span> <span class='ocrx_word' id='word_1_413' title='bbox 482 2830 670 2902; x_wconf 80' lang='lat' dir='ltr'><strong>simplicium.</strong></span> <span class='ocrx_word' id='word_1_414' title='bbox 684 2832 792 2886; x_wconf 79' lang='lat' dir='ltr'><strong>Pictura</strong></span> <span class='ocrx_word' id='word_1_415' title='bbox 803 2831 983 2886; x_wconf 82' lang='lat' dir='ltr'><strong>demonstrat</strong></span> <span class='ocrx_word' id='word_1_416' title='bbox 1034 2828 1173 2897; x_wconf 87' lang='lat' dir='ltr'><strong>crepitum</strong></span> <span class='ocrx_word' id='word_1_417' title='bbox 1190 2833 1305 2882; x_wconf 82' lang='lat' dir='ltr'><strong>aetatem</strong></span> <span class='ocrx_word' id='word_1_418' title='bbox 1317 2827 1372 2882; x_wconf 91' lang='lat' dir='ltr'><strong>boc</strong></span> <span class='ocrx_word' id='word_1_419' title='bbox 1387 2832 1481 2893; x_wconf 86' lang='lat' dir='ltr'><strong>vetus,</strong></span> <span class='ocrx_word' id='word_1_420' title='bbox 1495 2828 1549 2883; x_wconf 87' lang='lat' dir='ltr'><strong>bun</strong></span> <span class='ocrx_word' id='word_1_421' title='bbox 1560 2844 1666 2882; x_wconf 84' lang='lat' dir='ltr'><strong>novum</strong></span> <span class='ocrx_word' id='word_1_422' title='bbox 1684 2834 1858 2900; x_wconf 74' lang='lat' dir='ltr'><strong>preceptum</strong></span> 
     </span>
     <span class='ocr_line' id='line_1_31' title="bbox 162 2915 1862 2989; baseline -0.001 -17"><span class='ocrx_word' id='word_1_423' title='bbox 162 2917 291 2981; x_wconf 84' lang='lat' dir='ltr'><strong>indocto.</strong></span> <span class='ocrx_word' id='word_1_424' title='bbox 316 2918 394 2989; x_wconf 91' lang='lat' dir='ltr'><strong>quod</strong></span> <span class='ocrx_word' id='word_1_425' title='bbox 418 2917 513 2974; x_wconf 80' lang='lat' dir='ltr'><strong>littore</strong></span> <span class='ocrx_word' id='word_1_426' title='bbox 537 2919 632 2987; x_wconf 85' lang='lat' dir='ltr'><strong>docto,</strong></span> <span class='ocrx_word' id='word_1_427' title='bbox 648 2919 723 2989; x_wconf 92' lang='lat' dir='ltr'><strong>quod</strong></span> <span class='ocrx_word' id='word_1_428' title='bbox 747 2917 772 2973; x_wconf 89' lang='lat' dir='ltr'><strong>si</strong></span> <span class='ocrx_word' id='word_1_429' title='bbox 789 2924 864 2973; x_wconf 88' lang='lat' dir='ltr'><strong>teres</strong></span> <span class='ocrx_word' id='word_1_430' title='bbox 888 2919 983 2972; x_wconf 83' lang='lat' dir='ltr'><strong>torma</strong></span> <span class='ocrx_word' id='word_1_431' title='bbox 1035 2915 1862 2988; x_wconf 78' lang='lat' dir='ltr'><strong>semperioorelralruit:Gl1srissimitratres,amntovos</strong></span> 
     </span>
     <span class='ocr_line' id='line_1_32' title="bbox 156 3005 1862 3079; baseline -0.001 -16"><span class='ocrx_word' id='word_1_432' title='bbox 156 3006 604 3079; x_wconf 76' lang='lat' dir='ltr'><strong>epteDeo,etrellnx‹·.1bomini.</strong></span> <span class='ocrx_word' id='word_1_433' title='bbox 623 3012 640 3061; x_wconf 78' lang='grc' dir='ltr'>Α</span> <span class='ocrx_word' id='word_1_434' title='bbox 658 3009 740 3063; x_wconf 86' lang='lat' dir='ltr'><strong>tereti</strong></span> <span class='ocrx_word' id='word_1_435' title='bbox 761 3008 871 3061; x_wconf 85' lang='lat' dir='ltr'><strong>deflexu</strong></span> <span class='ocrx_word' id='word_1_436' title='bbox 890 3008 981 3076; x_wconf 80' lang='lat' dir='ltr'><strong>figura</strong></span> <span class='ocrx_word' id='word_1_437' title='bbox 1039 3005 1176 3060; x_wconf 88' lang='lat' dir='ltr'><strong>invicem.</strong></span> <span class='ocrx_word' id='word_1_438' title='bbox 1191 3009 1323 3077; x_wconf 86' lang='lat' dir='ltr'><strong>Cumque</strong></span> <span class='ocrx_word' id='word_1_439' title='bbox 1339 3022 1355 3059; x_wconf 80' lang='lat' dir='ltr'><strong>a</strong></span> <span class='ocrx_word' id='word_1_440' title='bbox 1372 3007 1512 3060; x_wconf 79' lang='lat' dir='ltr'><strong>tratribus</strong></span> <span class='ocrx_word' id='word_1_441' title='bbox 1530 3005 1763 3077; x_wconf 79' lang='lat' dir='ltr'><strong>interrogaretur</strong></span> <span class='ocrx_word' id='word_1_442' title='bbox 1778 3022 1862 3078; x_wconf 85' lang='lat' dir='ltr'><strong>querc</strong></span> 
     </span>
     <span class='ocr_line' id='line_1_33' title="bbox 153 3065 1861 3167; baseline 0.001 -17"><span class='ocrx_word' id='word_1_443' title='bbox 153 3094 183 3150; x_wconf 92' lang='lat' dir='ltr'><strong>in</strong></span> <span class='ocrx_word' id='word_1_444' title='bbox 199 3111 306 3150; x_wconf 91' lang='lat' dir='ltr'><strong>oonum</strong></span> <span class='ocrx_word' id='word_1_445' title='bbox 323 3095 470 3165; x_wconf 81' lang='lat' dir='ltr'><strong>signifieat</strong></span> <span class='ocrx_word' id='word_1_446' title='bbox 484 3097 561 3165; x_wconf 77' lang='lat' dir='ltr'><strong>quod</strong></span> <span class='ocrx_word' id='word_1_447' title='bbox 579 3098 615 3151; x_wconf 95' lang='lat' dir='ltr'><strong>de</strong></span> <span class='ocrx_word' id='word_1_448' title='bbox 631 3097 713 3150; x_wconf 83' lang='lat' dir='ltr'><strong>tereti</strong></span> <span class='ocrx_word' id='word_1_449' title='bbox 731 3101 827 3151; x_wconf 91' lang='lat' dir='ltr'><strong>mente</strong></span> <span class='ocrx_word' id='word_1_450' title='bbox 842 3096 892 3151; x_wconf 85' lang='lat' dir='ltr'><strong>Dei</strong></span> <span class='ocrx_word' id='word_1_451' title='bbox 905 3096 979 3152; x_wconf 83' lang='lat' dir='ltr'><strong>ratio</strong></span> <span class='ocrx_word' id='word_1_452' title='bbox 996 3065 1019 3129; x_wconf 71' lang='lat' dir='ltr'><strong>c</strong></span> <span class='ocrx_word' id='word_1_453' title='bbox 1040 3093 1094 3149; x_wconf 90' lang='lat' dir='ltr'><strong>hoo</strong></span> <span class='ocrx_word' id='word_1_454' title='bbox 1108 3099 1169 3149; x_wconf 85' lang='lat' dir='ltr'><strong>tam</strong></span> <span class='ocrx_word' id='word_1_455' title='bbox 1186 3094 1353 3165; x_wconf 85' lang='lat' dir='ltr'><strong>frequenter</strong></span> <span class='ocrx_word' id='word_1_456' title='bbox 1373 3096 1500 3162; x_wconf 86' lang='lat' dir='ltr'><strong>iteraret,</strong></span> <span class='ocrx_word' id='word_1_457' title='bbox 1518 3096 1705 3166; x_wconf 84' lang='lat' dir='ltr'><strong>respondere,</strong></span> <span class='ocrx_word' id='word_1_458' title='bbox 1726 3097 1798 3167; x_wconf 83' lang='lat' dir='ltr'><strong>quis</strong></span> <span class='ocrx_word' id='word_1_459' title='bbox 1812 3095 1861 3151; x_wconf 87' lang='lat' dir='ltr'><strong>boc</strong></span> 
     </span>
     <span class='ocr_line' id='line_1_34' title="bbox 155 3183 1861 3258; baseline 0.002 -19"><span class='ocrx_word' id='word_1_460' title='bbox 155 3183 221 3239; x_wconf 90' lang='lat' dir='ltr'><strong>lluit</strong></span> <span class='ocrx_word' id='word_1_461' title='bbox 235 3183 271 3238; x_wconf 84' lang='lat' dir='ltr'><strong>sd</strong></span> <span class='ocrx_word' id='word_1_462' title='bbox 287 3198 350 3250; x_wconf 90' lang='lat' dir='ltr'><strong>nos,</strong></span> <span class='ocrx_word' id='word_1_463' title='bbox 366 3188 395 3238; x_wconf 90' lang='lat' dir='ltr'><strong>et</strong></span> <span class='ocrx_word' id='word_1_464' title='bbox 409 3200 461 3238; x_wconf 90' lang='lat' dir='ltr'><strong>nos</strong></span> <span class='ocrx_word' id='word_1_465' title='bbox 477 3188 533 3239; x_wconf 83' lang='lat' dir='ltr'><strong>boo</strong></span> <span class='ocrx_word' id='word_1_466' title='bbox 546 3184 670 3251; x_wconf 79' lang='lat' dir='ltr'><strong>similes,</strong></span> <span class='ocrx_word' id='word_1_467' title='bbox 684 3201 740 3239; x_wconf 78' lang='lat' dir='ltr'><strong>ison</strong></span> <span class='ocrx_word' id='word_1_468' title='bbox 756 3183 885 3256; x_wconf 69' lang='lat' dir='ltr'><strong>equales</strong></span> <span class='ocrx_word' id='word_1_469' title='bbox 900 3185 980 3241; x_wconf 86' lang='lat' dir='ltr'><strong>lucit.</strong></span> <span class='ocrx_word' id='word_1_470' title='bbox 1035 3201 1127 3240; x_wconf 91' lang='lat' dir='ltr'><strong>unum</strong></span> <span class='ocrx_word' id='word_1_471' title='bbox 1139 3190 1316 3257; x_wconf 81' lang='lat' dir='ltr'><strong>preceptum</strong></span> <span class='ocrx_word' id='word_1_472' title='bbox 1327 3186 1352 3241; x_wconf 88' lang='lat' dir='ltr'><strong>si</strong></span> <span class='ocrx_word' id='word_1_473' title='bbox 1365 3186 1425 3254; x_wconf 81' lang='lat' dir='ltr'><strong>fiat,</strong></span> <span class='ocrx_word' id='word_1_474' title='bbox 1438 3191 1541 3241; x_wconf 82' lang='lat' dir='ltr'><strong>austere</strong></span> <span class='ocrx_word' id='word_1_475' title='bbox 1553 3185 1793 3258; x_wconf 87' lang='lat' dir='ltr'><strong>complebuntur.</strong></span> <span class='ocrx_word' id='word_1_476' title='bbox 1807 3186 1861 3244; x_wconf 84' lang='lat' dir='ltr'><strong>llu-</strong></span> 
     </span>
     <span class='ocr_line' id='line_1_35' title="bbox 156 3269 1860 3349; baseline 0.004 -22"><span class='ocrx_word' id='word_1_477' title='bbox 156 3270 226 3327; x_wconf 89' lang='lat' dir='ltr'><strong>lndo</strong></span> <span class='ocrx_word' id='word_1_478' title='bbox 241 3270 336 3325; x_wconf 86' lang='lat' dir='ltr'><strong>fluens</strong></span> <span class='ocrx_word' id='word_1_479' title='bbox 351 3269 495 3342; x_wconf 87' lang='lat' dir='ltr'><strong>supientiu</strong></span> <span class='ocrx_word' id='word_1_480' title='bbox 510 3271 539 3327; x_wconf 92' lang='lat' dir='ltr'><strong>in</strong></span> <span class='ocrx_word' id='word_1_481' title='bbox 551 3273 631 3327; x_wconf 88' lang='lat' dir='ltr'><strong>vultu</strong></span> <span class='ocrx_word' id='word_1_482' title='bbox 649 3272 776 3328; x_wconf 91' lang='lat' dir='ltr'><strong>bominis</strong></span> <span class='ocrx_word' id='word_1_483' title='bbox 792 3273 879 3342; x_wconf 87' lang='lat' dir='ltr'><strong>lueet,</strong></span> <span class='ocrx_word' id='word_1_484' title='bbox 892 3279 922 3330; x_wconf 92' lang='lat' dir='ltr'><strong>ut</strong></span> <span class='ocrx_word' id='word_1_485' title='bbox 933 3291 982 3330; x_wconf 86' lang='lat' dir='ltr'><strong>eo·</strong></span> <span class='ocrx_word' id='word_1_486' title='bbox 1033 3277 1106 3329; x_wconf 75' lang='lat' dir='ltr'><strong>ture</strong></span> <span class='ocrx_word' id='word_1_487' title='bbox 1116 3275 1203 3330; x_wconf 87' lang='lat' dir='ltr'><strong>stium</strong></span> <span class='ocrx_word' id='word_1_488' title='bbox 1218 3275 1262 3330; x_wconf 85' lang='lat' dir='ltr'><strong>lox</strong></span> <span class='ocrx_word' id='word_1_489' title='bbox 1274 3274 1304 3330; x_wconf 89' lang='lat' dir='ltr'><strong>ln</strong></span> <span class='ocrx_word' id='word_1_490' title='bbox 1324 3274 1379 3330; x_wconf 90' lang='lat' dir='ltr'><strong>boo</strong></span> <span class='ocrx_word' id='word_1_491' title='bbox 1391 3278 1532 3346; x_wconf 77' lang='lat' dir='ltr'><strong>precepto</strong></span> <span class='ocrx_word' id='word_1_492' title='bbox 1552 3276 1670 3346; x_wconf 85' lang='lat' dir='ltr'><strong>pendet,</strong></span> <span class='ocrx_word' id='word_1_493' title='bbox 1683 3276 1860 3349; x_wconf 79' lang='lat' dir='ltr'><strong>utpuodsiba&#39;</strong></span> 
     </span>
     <span class='ocr_line' id='line_1_36' title="bbox 154 3357 1858 3436; baseline 0.004 -24"><span class='ocrx_word' id='word_1_494' title='bbox 154 3361 280 3431; x_wconf 77' lang='lat' dir='ltr'><strong>gnoscat</strong></span> <span class='ocrx_word' id='word_1_495' title='bbox 295 3357 382 3413; x_wconf 91' lang='lat' dir='ltr'><strong>bomo</strong></span> <span class='ocrx_word' id='word_1_496' title='bbox 398 3358 475 3430; x_wconf 89' lang='lat' dir='ltr'><strong>qnod</strong></span> <span class='ocrx_word' id='word_1_497' title='bbox 493 3361 528 3415; x_wconf 88' lang='lat' dir='ltr'><strong>nd</strong></span> <span class='ocrx_word' id='word_1_498' title='bbox 545 3360 703 3433; x_wconf 77' lang='lat' dir='ltr'><strong>imaginem</strong></span> <span class='ocrx_word' id='word_1_499' title='bbox 716 3360 763 3417; x_wconf 83' lang='lat' dir='ltr'><strong>Dei</strong></span> <span class='ocrx_word' id='word_1_500' title='bbox 780 3362 873 3419; x_wconf 84' lang='lat' dir='ltr'><strong>luctus</strong></span> <span class='ocrx_word' id='word_1_501' title='bbox 889 3364 937 3418; x_wconf 87' lang='lat' dir='ltr'><strong>sit.</strong></span> <span class='ocrx_word' id='word_1_502' title='bbox 950 3362 981 3418; x_wconf 89' lang='lat' dir='ltr'><strong>Si</strong></span> <span class='ocrx_word' id='word_1_503' title='bbox 1032 3378 1088 3419; x_wconf 76' lang='lat' dir='ltr'><strong>sion</strong></span> <span class='ocrx_word' id='word_1_504' title='bbox 1103 3365 1162 3420; x_wconf 86' lang='lat' dir='ltr'><strong>untt</strong></span> <span class='ocrx_word' id='word_1_505' title='bbox 1176 3364 1279 3435; x_wconf 84' lang='lat' dir='ltr'><strong>aliquis</strong></span> <span class='ocrx_word' id='word_1_506' title='bbox 1293 3363 1365 3435; x_wconf 75' lang='lat' dir='ltr'><strong>fieri,</strong></span> <span class='ocrx_word' id='word_1_507' title='bbox 1382 3362 1465 3421; x_wconf 82' lang='lat' dir='ltr'><strong>alleri</strong></span> <span class='ocrx_word' id='word_1_508' title='bbox 1479 3380 1513 3420; x_wconf 89' lang='lat' dir='ltr'><strong>ne</strong></span> <span class='ocrx_word' id='word_1_509' title='bbox 1526 3366 1624 3434; x_wconf 73' lang='lat' dir='ltr'><strong>facerit</strong></span> <span class='ocrx_word' id='word_1_510' title='bbox 1639 3365 1713 3436; x_wconf 83' lang='lat' dir='ltr'><strong>(Tot.</strong></span> <span class='ocrx_word' id='word_1_511' title='bbox 1730 3382 1777 3433; x_wconf 71' lang='lat' dir='ltr'><strong>vr:</strong></span> <span class='ocrx_word' id='word_1_512' title='bbox 1795 3371 1858 3421; x_wconf 79' lang='lat' dir='ltr'><strong>Luc.</strong></span> 
     </span>
     <span class='ocr_line' id='line_1_37' title="bbox 158 3445 1859 3526; baseline 0.005 -24"><span class='ocrx_word' id='word_1_513' title='bbox 158 3450 257 3503; x_wconf 88' lang='lat' dir='ltr'><strong>sutem</strong></span> <span class='ocrx_word' id='word_1_514' title='bbox 268 3445 613 3520; x_wconf 85' lang='lat' dir='ltr'><strong>oouluceutsupientiuin</strong></span> <span class='ocrx_word' id='word_1_515' title='bbox 622 3449 703 3506; x_wconf 86' lang='lat' dir='ltr'><strong>vultu</strong></span> <span class='ocrx_word' id='word_1_516' title='bbox 712 3451 776 3520; x_wconf 87' lang='lat' dir='ltr'><strong>ejus</strong></span> <span class='ocrx_word' id='word_1_517' title='bbox 787 3456 882 3508; x_wconf 91' lang='lat' dir='ltr'><strong>utstet</strong></span> <span class='ocrx_word' id='word_1_518' title='bbox 892 3451 980 3509; x_wconf 89' lang='lat' dir='ltr'><strong>bomo</strong></span> <span class='ocrx_word' id='word_1_519' title='bbox 1032 3454 1186 3518; x_wconf 80' lang='lat' dir='ltr'><strong>s1;tlartlt.</strong></span> <span class='ocrx_word' id='word_1_520' title='bbox 1200 3454 1260 3526; x_wconf 80' lang='lat' dir='ltr'><strong>vri).</strong></span> <span class='ocrx_word' id='word_1_521' title='bbox 1272 3455 1367 3525; x_wconf 82' lang='lat' dir='ltr'><strong>Hujus</strong></span> <span class='ocrx_word' id='word_1_522' title='bbox 1377 3456 1511 3526; x_wconf 78' lang='lat' dir='ltr'><strong>precepti</strong></span> <span class='ocrx_word' id='word_1_523' title='bbox 1523 3454 1582 3510; x_wconf 85' lang='lat' dir='ltr'><strong>vim</strong></span> <span class='ocrx_word' id='word_1_524' title='bbox 1596 3456 1753 3526; x_wconf 86' lang='lat' dir='ltr'><strong>perpendit</strong></span> <span class='ocrx_word' id='word_1_525' title='bbox 1764 3456 1859 3511; x_wconf 80' lang='lat' dir='ltr'><strong>[locle-</strong></span> 
     </span>
     <span class='ocr_line' id='line_1_38' title="bbox 152 3535 1859 3617; baseline 0.005 -26"><span class='ocrx_word' id='word_1_526' title='bbox 152 3535 253 3608; x_wconf 83' lang='lat' dir='ltr'><strong>justus</strong></span> <span class='ocrx_word' id='word_1_527' title='bbox 268 3541 295 3592; x_wconf 88' lang='lat' dir='ltr'><strong>et</strong></span> <span class='ocrx_word' id='word_1_528' title='bbox 312 3541 419 3603; x_wconf 87' lang='lat' dir='ltr'><strong>rectus,</strong></span> <span class='ocrx_word' id='word_1_529' title='bbox 436 3538 525 3594; x_wconf 79' lang='lat' dir='ltr'><strong>tocies</strong></span> <span class='ocrx_word' id='word_1_530' title='bbox 534 3540 597 3610; x_wconf 91' lang='lat' dir='ltr'><strong>ejus</strong></span> <span class='ocrx_word' id='word_1_531' title='bbox 616 3538 831 3608; x_wconf 77' lang='lat' dir='ltr'><strong>immutabitur,</strong></span> <span class='ocrx_word' id='word_1_532' title='bbox 841 3557 898 3596; x_wconf 91' lang='lat' dir='ltr'><strong>non</strong></span> <span class='ocrx_word' id='word_1_533' title='bbox 913 3559 979 3597; x_wconf 90' lang='lat' dir='ltr'><strong>mu·</strong></span> <span class='ocrx_word' id='word_1_534' title='bbox 1033 3546 1149 3612; x_wconf 88' lang='lat' dir='ltr'><strong>siustss,</strong></span> <span class='ocrx_word' id='word_1_535' title='bbox 1160 3542 1297 3599; x_wconf 85' lang='lat' dir='ltr'><strong>etomnie</strong></span> <span class='ocrx_word' id='word_1_536' title='bbox 1305 3542 1484 3600; x_wconf 88' lang='lat' dir='ltr'><strong>concludens</strong></span> <span class='ocrx_word' id='word_1_537' title='bbox 1495 3545 1550 3599; x_wconf 91' lang='lat' dir='ltr'><strong>sub</strong></span> <span class='ocrx_word' id='word_1_538' title='bbox 1561 3560 1618 3598; x_wconf 90' lang='lat' dir='ltr'><strong>uno</strong></span> <span class='ocrx_word' id='word_1_539' title='bbox 1629 3552 1780 3617; x_wconf 80' lang='lat' dir='ltr'><strong>precepto</strong></span> <span class='ocrx_word' id='word_1_540' title='bbox 1792 3562 1859 3617; x_wconf 84' lang='lat' dir='ltr'><strong>pne-</strong></span> 
     </span>
     <span class='ocr_line' id='line_1_39' title="bbox 156 3625 1862 3705; baseline 0.005 -23"><span class='ocrx_word' id='word_1_541' title='bbox 156 3628 217 3682; x_wconf 86' lang='lat' dir='ltr'><strong>tuto</strong></span> <span class='ocrx_word' id='word_1_542' title='bbox 232 3625 314 3682; x_wconf 84' lang='lat' dir='ltr'><strong>vultu</strong></span> <span class='ocrx_word' id='word_1_543' title='bbox 327 3631 448 3696; x_wconf 81' lang='lat' dir='ltr'><strong>neturus,</strong></span> <span class='ocrx_word' id='word_1_544' title='bbox 464 3628 514 3683; x_wconf 87' lang='lat' dir='ltr'><strong>sed</strong></span> <span class='ocrx_word' id='word_1_545' title='bbox 527 3628 646 3684; x_wconf 88' lang='lat' dir='ltr'><strong>bonore.</strong></span> <span class='ocrx_word' id='word_1_546' title='bbox 660 3629 768 3685; x_wconf 86' lang='lat' dir='ltr'><strong>Mutata</strong></span> <span class='ocrx_word' id='word_1_547' title='bbox 781 3631 889 3702; x_wconf 86' lang='lat' dir='ltr'><strong>quippo</strong></span> <span class='ocrx_word' id='word_1_548' title='bbox 898 3631 978 3700; x_wconf 85' lang='lat' dir='ltr'><strong>lacis,</strong></span> <span class='ocrx_word' id='word_1_549' title='bbox 1033 3637 1148 3702; x_wconf 88' lang='lat' dir='ltr'><strong>ceptum</strong></span> <span class='ocrx_word' id='word_1_550' title='bbox 1159 3631 1239 3687; x_wconf 87' lang='lat' dir='ltr'><strong>dedit</strong></span> <span class='ocrx_word' id='word_1_551' title='bbox 1249 3631 1398 3702; x_wconf 82' lang='lat' dir='ltr'><strong>generula:</strong></span> <span class='ocrx_word' id='word_1_552' title='bbox 1411 3631 1599 3700; x_wconf 81' lang='lat' dir='ltr'><strong>Quicustodit‚</strong></span> <span class='ocrx_word' id='word_1_553' title='bbox 1610 3631 1862 3705; x_wconf 78' lang='lat' dir='ltr'><strong>inquiensproen·</strong></span> 
     </span>
     <span class='ocr_line' id='line_1_40' title="bbox 154 3714 1862 3795; baseline 0.005 -26"><span class='ocrx_word' id='word_1_554' title='bbox 154 3714 226 3786; x_wconf 85' lang='lat' dir='ltr'><strong>quid</strong></span> <span class='ocrx_word' id='word_1_555' title='bbox 241 3719 287 3771; x_wconf 90' lang='lat' dir='ltr'><strong>est</strong></span> <span class='ocrx_word' id='word_1_556' title='bbox 300 3715 389 3772; x_wconf 91' lang='lat' dir='ltr'><strong>bomo</strong></span> <span class='ocrx_word' id='word_1_557' title='bbox 410 3715 466 3771; x_wconf 85' lang='lat' dir='ltr'><strong>nisi</strong></span> <span class='ocrx_word' id='word_1_558' title='bbox 482 3733 588 3773; x_wconf 87' lang='lat' dir='ltr'><strong>nomon</strong></span> <span class='ocrx_word' id='word_1_559' title='bbox 599 3717 714 3773; x_wconf 85' lang='lat' dir='ltr'><strong>inune?</strong></span> <span class='ocrx_word' id='word_1_560' title='bbox 1030 3720 1496 3793; x_wconf 77' lang='lat' dir='ltr'><strong>ptamnoneeperieturqaidquam</strong></span> <span class='ocrx_word' id='word_1_561' title='bbox 1504 3722 1862 3795; x_wconf 83' lang='lat' dir='ltr'><strong>muli.Servuntesprrece·</strong></span> 
     </span>
    </p>

    <p class='ocr_par' dir='ltr' id='par_1_13' title="bbox 154 3806 1862 3970">
     <span class='ocr_line' id='line_1_41' title="bbox 190 3806 1862 3882; baseline 0.006 -23"><span class='ocrx_word' id='word_1_562' title='bbox 190 3808 279 3861; x_wconf 82' lang='lat' dir='ltr'><strong>Vens.</strong></span> <span class='ocrx_word' id='word_1_563' title='bbox 295 3806 340 3861; x_wconf 76' lang='lat' dir='ltr'><strong>al.</strong></span> <span class='ocrx_word' id='word_1_564' title='bbox 353 3836 388 3846; x_wconf 90' lang='lat'><em>-</em></span> <span class='ocrx_word' id='word_1_565' title='bbox 403 3807 458 3876; x_wconf 77' lang='lat' dir='ltr'><strong>Epo</strong></span> <span class='ocrx_word' id='word_1_566' title='bbox 472 3822 502 3862; x_wconf 88' lang='lat' dir='ltr'><strong>os</strong></span> <span class='ocrx_word' id='word_1_567' title='bbox 517 3808 588 3877; x_wconf 82' lang='lat' dir='ltr'><strong>repis</strong></span> <span class='ocrx_word' id='word_1_568' title='bbox 602 3807 720 3876; x_wconf 81' lang='lat' dir='ltr'><strong>observo,</strong></span> <span class='ocrx_word' id='word_1_569' title='bbox 737 3811 763 3863; x_wconf 88' lang='lat' dir='ltr'><strong>et</strong></span> <span class='ocrx_word' id='word_1_570' title='bbox 781 3814 917 3880; x_wconf 80' lang='lat' dir='ltr'><strong>precepta</strong></span> <span class='ocrx_word' id='word_1_571' title='bbox 929 3810 979 3881; x_wconf 86' lang='lat' dir='ltr'><strong>ju·</strong></span> <span class='ocrx_word' id='word_1_572' title='bbox 1032 3814 1116 3882; x_wconf 93' lang='lat' dir='ltr'><strong>ptum</strong></span> <span class='ocrx_word' id='word_1_573' title='bbox 1130 3810 1433 3866; x_wconf 82' lang='lat' dir='ltr'><strong>Dominimultamula</strong></span> <span class='ocrx_word' id='word_1_574' title='bbox 1444 3811 1609 3881; x_wconf 72' lang='lat' dir='ltr'><strong>missisunt,</strong></span> <span class='ocrx_word' id='word_1_575' title='bbox 1620 3827 1695 3882; x_wconf 91' lang='lat' dir='ltr'><strong>quos</strong></span> <span class='ocrx_word' id='word_1_576' title='bbox 1708 3812 1809 3868; x_wconf 91' lang='lat' dir='ltr'><strong>induit</strong></span> <span class='ocrx_word' id='word_1_577' title='bbox 1822 3830 1862 3869; x_wconf 79' lang='lat' dir='ltr'><strong>ur</strong></span> 
     </span>
     <span class='ocr_line' id='line_1_42' title="bbox 154 3893 1862 3970; baseline 0.004 -20"><span class='ocrx_word' id='word_1_578' title='bbox 154 3893 274 3950; x_wconf 86' lang='lat' dir='ltr'><strong>rumenti</strong></span> <span class='ocrx_word' id='word_1_579' title='bbox 288 3895 346 3952; x_wconf 83' lang='lat' dir='ltr'><strong>Det.</strong></span> <span class='ocrx_word' id='word_1_580' title='bbox 362 3900 402 3952; x_wconf 76' lang='lat' dir='ltr'><strong>Ne</strong></span> <span class='ocrx_word' id='word_1_581' title='bbox 425 3897 538 3964; x_wconf 70' lang='lat' dir='ltr'><strong>festines</strong></span> <span class='ocrx_word' id='word_1_582' title='bbox 552 3896 677 3953; x_wconf 80' lang='lat' dir='ltr'><strong>recedere</strong></span> <span class='ocrx_word' id='word_1_583' title='bbox 690 3914 707 3952; x_wconf 93' lang='lat' dir='ltr'><strong>a</strong></span> <span class='ocrx_word' id='word_1_584' title='bbox 722 3898 795 3968; x_wconf 75' lang='lat' dir='ltr'><strong>lucie</strong></span> <span class='ocrx_word' id='word_1_585' title='bbox 809 3898 877 3969; x_wconf 83' lang='lat' dir='ltr'><strong>ejus,</strong></span> <span class='ocrx_word' id='word_1_586' title='bbox 892 3914 979 3970; x_wconf 79' lang='lat' dir='ltr'><strong>nepae</strong></span> <span class='ocrx_word' id='word_1_587' title='bbox 1033 3899 1089 3954; x_wconf 91' lang='lat' dir='ltr'><strong>mis</strong></span> <span class='ocrx_word' id='word_1_588' title='bbox 1100 3898 1387 3954; x_wconf 83' lang='lat' dir='ltr'><strong>lldoismorvirtutis.</strong></span> <span class='ocrx_word' id='word_1_589' title='bbox 1400 3899 1682 3966; x_wconf 83' lang='lat' dir='ltr'><strong>Viditboo,ctonute</strong></span> <span class='ocrx_word' id='word_1_590' title='bbox 1693 3901 1862 3957; x_wconf 82' lang='lat' dir='ltr'><strong>considers·</strong></span> 
     </span>
    </p>
   </div>
   <div class='ocr_carea' id='block_1_12' title="bbox 40 3985 1863 4061">
    <p class='ocr_par' dir='ltr' id='par_1_14' title="bbox 40 3985 1863 4061">
     <span class='ocr_line' id='line_1_43' title="bbox 40 3985 1863 4061; baseline 0.003 -21"><span class='ocrx_word' id='word_1_591' title='bbox 40 4000 45 4011; x_wconf 93' lang='lat'><strong>·</strong></span> <span class='ocrx_word' id='word_1_592' title='bbox 153 4000 317 4057; x_wconf 78' lang='lat' dir='ltr'><strong>permanens</strong></span> <span class='ocrx_word' id='word_1_593' title='bbox 331 3985 361 4040; x_wconf 83' lang='lat' dir='ltr'><strong>in</strong></span> <span class='ocrx_word' id='word_1_594' title='bbox 376 4000 457 4057; x_wconf 87' lang='lat' dir='ltr'><strong>opere</strong></span> <span class='ocrx_word' id='word_1_595' title='bbox 475 3987 558 4053; x_wconf 87' lang='lat' dir='ltr'><strong>malo,</strong></span> <span class='ocrx_word' id='word_1_596' title='bbox 575 3986 641 4060; x_wconf 79' lang='lat' dir='ltr'><strong>prtia</strong></span> <span class='ocrx_word' id='word_1_597' title='bbox 662 4003 742 4043; x_wconf 76' lang='lat' dir='ltr'><strong>amice</strong></span> <span class='ocrx_word' id='word_1_598' title='bbox 760 3987 829 4058; x_wconf 80' lang='lat' dir='ltr'><strong>qaod</strong></span> <span class='ocrx_word' id='word_1_599' title='bbox 848 3988 977 4058; x_wconf 81' lang='lat' dir='ltr'><strong>uoluerit,</strong></span> <span class='ocrx_word' id='word_1_600' title='bbox 1031 3987 1863 4061; x_wconf 72' lang='lat' dir='ltr'><strong>vitatquecuutissimeait:Noneuperletarpaidpuamnru·</strong></span> 
     </span>
    </p>
   </div>
   <div class='ocr_carea' id='block_1_13' title="bbox 153 4073 1862 4507">
    <p class='ocr_par' dir='ltr' id='par_1_15' title="bbox 153 4073 1862 4507">
     <span class='ocr_line' id='line_1_44' title="bbox 153 4073 1862 4148; baseline 0.003 -19"><span class='ocrx_word' id='word_1_601' title='bbox 153 4075 248 4144; x_wconf 68' lang='lat' dir='ltr'><strong>societ,</strong></span> <span class='ocrx_word' id='word_1_602' title='bbox 262 4078 287 4130; x_wconf 82' lang='lat' dir='ltr'><strong>et</strong></span> <span class='ocrx_word' id='word_1_603' title='bbox 300 4090 392 4129; x_wconf 81' lang='lat' dir='ltr'><strong>sermo</strong></span> <span class='ocrx_word' id='word_1_604' title='bbox 406 4073 485 4130; x_wconf 82' lang='lat' dir='ltr'><strong>itlius</strong></span> <span class='ocrx_word' id='word_1_605' title='bbox 496 4078 631 4147; x_wconf 82' lang='lat' dir='ltr'><strong>potestate</strong></span> <span class='ocrx_word' id='word_1_606' title='bbox 645 4076 743 4146; x_wconf 83' lang='lat' dir='ltr'><strong>plenus</strong></span> <span class='ocrx_word' id='word_1_607' title='bbox 755 4080 804 4145; x_wconf 85' lang='lat' dir='ltr'><strong>est,</strong></span> <span class='ocrx_word' id='word_1_608' title='bbox 824 4091 873 4131; x_wconf 88' lang='lat' dir='ltr'><strong>nec</strong></span> <span class='ocrx_word' id='word_1_609' title='bbox 888 4076 979 4133; x_wconf 83' lang='lat' dir='ltr'><strong>dicere</strong></span> <span class='ocrx_word' id='word_1_610' title='bbox 1032 4073 1131 4130; x_wconf 84' lang='lat' dir='ltr'><strong>li.Non</strong></span> <span class='ocrx_word' id='word_1_611' title='bbox 1140 4075 1289 4142; x_wconf 79' lang='lat' dir='ltr'><strong>dixit‚non</strong></span> <span class='ocrx_word' id='word_1_612' title='bbox 1299 4074 1729 4148; x_wconf 78' lang='lat' dir='ltr'><strong>pstietur‚scdnoae.sperietur.</strong></span> <span class='ocrx_word' id='word_1_613' title='bbox 1738 4080 1862 4144; x_wconf 82' lang='lat' dir='ltr'><strong>Quicun-</strong></span> 
     </span>
     <span class='ocr_line' id='line_1_45' title="bbox 155 4162 1861 4237; baseline 0.004 -19"><span class='ocrx_word' id='word_1_614' title='bbox 155 4162 182 4218; x_wconf 86' lang='lat' dir='ltr'><strong>ei</strong></span> <span class='ocrx_word' id='word_1_615' title='bbox 191 4166 449 4234; x_wconf 76' lang='lat' dir='ltr'><strong>qaisquampotest:</strong></span> <span class='ocrx_word' id='word_1_616' title='bbox 465 4164 555 4231; x_wconf 81' lang='lat' dir='ltr'><strong>Quare</strong></span> <span class='ocrx_word' id='word_1_617' title='bbox 565 4162 688 4235; x_wconf 80' lang='lat' dir='ltr'><strong>itosacis</strong></span> <span class='ocrx_word' id='word_1_618' title='bbox 698 4167 712 4218; x_wconf 75' lang='lat' dir='ltr'><strong>t</strong></span> <span class='ocrx_word' id='word_1_619' title='bbox 722 4164 844 4220; x_wconf 82' lang='lat' dir='ltr'><strong>Videtur</strong></span> <span class='ocrx_word' id='word_1_620' title='bbox 858 4165 978 4237; x_wconf 90' lang='lat' dir='ltr'><strong>quidem</strong></span> <span class='ocrx_word' id='word_1_621' title='bbox 1032 4165 1861 4237; x_wconf 83' lang='lat' dir='ltr'><strong>queservandopraeceptummulspossisuut‚satisetbens</strong></span> 
     </span>
     <span class='ocr_line' id='line_1_46' title="bbox 156 4250 1860 4327; baseline 0.004 -22"><span class='ocrx_word' id='word_1_622' title='bbox 156 4250 322 4324; x_wconf 65' lang='lat' dir='ltr'><strong>praecipere,</strong></span> <span class='ocrx_word' id='word_1_623' title='bbox 335 4251 453 4324; x_wconf 85' lang='lat' dir='ltr'><strong>regibus</strong></span> <span class='ocrx_word' id='word_1_624' title='bbox 465 4257 494 4307; x_wconf 89' lang='lat' dir='ltr'><strong>et</strong></span> <span class='ocrx_word' id='word_1_625' title='bbox 504 4255 698 4324; x_wconf 64' lang='lat' dir='ltr'><strong>potestatibus</strong></span> <span class='ocrx_word' id='word_1_626' title='bbox 709 4256 794 4326; x_wconf 84' lang='lat' dir='ltr'><strong>juxta</strong></span> <span class='ocrx_word' id='word_1_627' title='bbox 805 4255 977 4327; x_wconf 79' lang='lat' dir='ltr'><strong>Apostolum</strong></span> <span class='ocrx_word' id='word_1_628' title='bbox 1032 4251 1142 4324; x_wconf 88' lang='lat' dir='ltr'><strong>experti</strong></span> <span class='ocrx_word' id='word_1_629' title='bbox 1156 4258 1226 4308; x_wconf 90' lang='lat' dir='ltr'><strong>suot</strong></span> <span class='ocrx_word' id='word_1_630' title='bbox 1237 4252 1314 4324; x_wconf 88' lang='lat' dir='ltr'><strong>quod</strong></span> <span class='ocrx_word' id='word_1_631' title='bbox 1323 4268 1379 4308; x_wconf 91' lang='lat' dir='ltr'><strong>non</strong></span> <span class='ocrx_word' id='word_1_632' title='bbox 1392 4259 1463 4308; x_wconf 89' lang='lat' dir='ltr'><strong>suut</strong></span> <span class='ocrx_word' id='word_1_633' title='bbox 1473 4252 1551 4309; x_wconf 84' lang='lat' dir='ltr'><strong>mala</strong></span> <span class='ocrx_word' id='word_1_634' title='bbox 1564 4254 1653 4325; x_wconf 78' lang='lat' dir='ltr'><strong>possi,</strong></span> <span class='ocrx_word' id='word_1_635' title='bbox 1668 4257 1790 4326; x_wconf 84' lang='lat' dir='ltr'><strong>quando</strong></span> <span class='ocrx_word' id='word_1_636' title='bbox 1802 4273 1860 4311; x_wconf 90' lang='lat' dir='ltr'><strong>mo·</strong></span> 
     </span>
     <span class='ocr_line' id='line_1_47' title="bbox 156 4341 1860 4418; baseline 0.003 -23"><span class='ocrx_word' id='word_1_637' title='bbox 156 4341 376 4411; x_wconf 89' lang='lat' dir='ltr'><strong>obsequendum</strong></span> <span class='ocrx_word' id='word_1_638' title='bbox 393 4341 480 4414; x_wconf 80' lang='lat' dir='ltr'><strong>(dom.</strong></span> <span class='ocrx_word' id='word_1_639' title='bbox 496 4343 568 4414; x_wconf 79' lang='lat'>1111).</span> <span class='ocrx_word' id='word_1_640' title='bbox 583 4342 638 4398; x_wconf 87' lang='lat' dir='ltr'><strong>Sed</strong></span> <span class='ocrx_word' id='word_1_641' title='bbox 651 4360 704 4414; x_wconf 88' lang='lat' dir='ltr'><strong>ego</strong></span> <span class='ocrx_word' id='word_1_642' title='bbox 720 4347 790 4416; x_wconf 88' lang='lat' dir='ltr'><strong>puto</strong></span> <span class='ocrx_word' id='word_1_643' title='bbox 805 4345 841 4399; x_wconf 92' lang='lat' dir='ltr'><strong>ds</strong></span> <span class='ocrx_word' id='word_1_644' title='bbox 857 4344 979 4418; x_wconf 81' lang='lat' dir='ltr'><strong>illoregs</strong></span> <span class='ocrx_word' id='word_1_645' title='bbox 1031 4341 1779 4413; x_wconf 79' lang='lat' dir='ltr'><strong>rueruntoccipersvitaeaeternscoronemUndoot</strong></span> <span class='ocrx_word' id='word_1_646' title='bbox 1790 4361 1860 4417; x_wconf 86' lang='lat' dir='ltr'><strong>gen·</strong></span> 
     </span>
     <span class='ocr_line' id='line_1_48' title="bbox 155 4423 1862 4507; baseline 0.002 -22"><span class='ocrx_word' id='word_1_647' title='bbox 155 4445 235 4486; x_wconf 86' lang='lat' dir='ltr'><strong>nuno</strong></span> <span class='ocrx_word' id='word_1_648' title='bbox 250 4430 318 4498; x_wconf 89' lang='lat' dir='ltr'><strong>dici,</strong></span> <span class='ocrx_word' id='word_1_649' title='bbox 335 4432 370 4486; x_wconf 89' lang='lat' dir='ltr'><strong>de</strong></span> <span class='ocrx_word' id='word_1_650' title='bbox 392 4447 450 4502; x_wconf 88' lang='lat' dir='ltr'><strong>quo</strong></span> <span class='ocrx_word' id='word_1_651' title='bbox 474 4432 563 4487; x_wconf 79' lang='lat' dir='ltr'><strong>David</strong></span> <span class='ocrx_word' id='word_1_652' title='bbox 579 4434 638 4489; x_wconf 91' lang='lat' dir='ltr'><strong>sit:</strong></span> <span class='ocrx_word' id='word_1_653' title='bbox 662 4436 730 4490; x_wconf 81' lang='lat' dir='ltr'><strong>Deus</strong></span> <span class='ocrx_word' id='word_1_654' title='bbox 745 4435 887 4507; x_wconf 83' lang='lat' dir='ltr'><strong>judicium</strong></span> <span class='ocrx_word' id='word_1_655' title='bbox 902 4439 981 4492; x_wconf 82' lang='lat' dir='ltr'><strong>taum</strong></span> <span class='ocrx_word' id='word_1_656' title='bbox 995 4423 1019 4488; x_wconf 87' lang='lat' dir='ltr'><strong>Il</strong></span> <span class='ocrx_word' id='word_1_657' title='bbox 1035 4430 1107 4487; x_wconf 88' lang='lat' dir='ltr'><strong>tium</strong></span> <span class='ocrx_word' id='word_1_658' title='bbox 1123 4428 1274 4502; x_wconf 88' lang='lat' dir='ltr'><strong>spostolus</strong></span> <span class='ocrx_word' id='word_1_659' title='bbox 1291 4430 1398 4486; x_wconf 85' lang='lat' dir='ltr'><strong>Paulus</strong></span> <span class='ocrx_word' id='word_1_660' title='bbox 1412 4431 1566 4503; x_wconf 85' lang='lat' dir='ltr'><strong>glorietur,</strong></span> <span class='ocrx_word' id='word_1_661' title='bbox 1585 4433 1705 4488; x_wconf 88' lang='lat' dir='ltr'><strong>diceus:</strong></span> <span class='ocrx_word' id='word_1_662' title='bbox 1724 4434 1783 4489; x_wconf 88' lang='lat' dir='ltr'><strong>llon</strong></span> <span class='ocrx_word' id='word_1_663' title='bbox 1799 4438 1862 4491; x_wconf 84' lang='lat' dir='ltr'><strong>sunl</strong></span> 
     </span>
    </p>
   </div>
   <div class='ocr_carea' id='block_1_14' title="bbox 23 4517 1862 4597">
    <p class='ocr_par' dir='ltr' id='par_1_16' title="bbox 23 4517 1862 4597">
     <span class='ocr_line' id='line_1_49' title="bbox 23 4517 1862 4597; baseline 0.002 -22"><span class='ocrx_word' id='word_1_664' title='bbox 23 4586 28 4595; x_wconf 35' lang='grc' dir='ltr'>Ι</span> <span class='ocrx_word' id='word_1_665' title='bbox 46 4570 51 4575; x_wconf 95' lang='grc'>.</span> <span class='ocrx_word' id='word_1_666' title='bbox 155 4520 215 4587; x_wconf 76' lang='lat' dir='ltr'><strong>reat</strong></span> <span class='ocrx_word' id='word_1_667' title='bbox 229 4517 274 4585; x_wconf 87' lang='lat' dir='ltr'><strong>do,</strong></span> <span class='ocrx_word' id='word_1_668' title='bbox 290 4527 315 4575; x_wconf 87' lang='lat' dir='ltr'><strong>et</strong></span> <span class='ocrx_word' id='word_1_669' title='bbox 324 4520 461 4589; x_wconf 81' lang='lat' dir='ltr'><strong>justitiam</strong></span> <span class='ocrx_word' id='word_1_670' title='bbox 472 4525 549 4577; x_wconf 83' lang='lat' dir='ltr'><strong>tuam</strong></span> <span class='ocrx_word' id='word_1_671' title='bbox 563 4522 621 4592; x_wconf 81' lang='lat' dir='ltr'><strong>filiu</strong></span> <span class='ocrx_word' id='word_1_672' title='bbox 634 4522 800 4595; x_wconf 65' lang='lat' dir='ltr'><strong>repetent.</strong></span> <span class='ocrx_word' id='word_1_673' title='bbox 813 4528 897 4597; x_wconf 75' lang='lat' dir='ltr'><strong>cxxi),</strong></span> <span class='ocrx_word' id='word_1_674' title='bbox 914 4534 940 4581; x_wconf 89' lang='lat' dir='ltr'><strong>et</strong></span> <span class='ocrx_word' id='word_1_675' title='bbox 950 4526 980 4581; x_wconf 91' lang='lat' dir='ltr'><strong>in</strong></span> <span class='ocrx_word' id='word_1_676' title='bbox 1034 4521 1176 4592; x_wconf 75' lang='lat' dir='ltr'><strong>condigne</strong></span> <span class='ocrx_word' id='word_1_677' title='bbox 1197 4521 1337 4592; x_wconf 84' lang='lat' dir='ltr'><strong>passiones</strong></span> <span class='ocrx_word' id='word_1_678' title='bbox 1351 4521 1436 4590; x_wconf 81' lang='lat' dir='ltr'><strong>trojus</strong></span> <span class='ocrx_word' id='word_1_679' title='bbox 1460 4520 1594 4590; x_wconf 87' lang='lat' dir='ltr'><strong>temporis</strong></span> <span class='ocrx_word' id='word_1_680' title='bbox 1609 4522 1646 4577; x_wconf 87' lang='lat' dir='ltr'><strong>ud</strong></span> <span class='ocrx_word' id='word_1_681' title='bbox 1658 4525 1790 4593; x_wconf 75' lang='lat' dir='ltr'><strong>[astaram</strong></span> <span class='ocrx_word' id='word_1_682' title='bbox 1804 4523 1862 4595; x_wconf 81' lang='lat' dir='ltr'><strong>pto·</strong></span> 
     </span>
    </p>
   </div>
   <div class='ocr_carea' id='block_1_15' title="bbox 153 4605 1862 4773">
    <p class='ocr_par' dir='ltr' id='par_1_17' title="bbox 153 4605 1862 4773">
     <span class='ocr_line' id='line_1_50' title="bbox 155 4605 1862 4688; baseline 0.004 -25"><span class='ocrx_word' id='word_1_683' title='bbox 155 4605 212 4663; x_wconf 83' lang='lat' dir='ltr'><strong>ello</strong></span> <span class='ocrx_word' id='word_1_684' title='bbox 224 4606 286 4664; x_wconf 89' lang='lat' dir='ltr'><strong>loco</strong></span> <span class='ocrx_word' id='word_1_685' title='bbox 302 4624 308 4663; x_wconf 93' lang='lat'>:</span> <span class='ocrx_word' id='word_1_686' title='bbox 321 4608 443 4676; x_wconf 81' lang='lat' dir='ltr'><strong>Domine,</strong></span> <span class='ocrx_word' id='word_1_687' title='bbox 456 4612 597 4667; x_wconf 76' lang='lat' dir='ltr'><strong>invisente</strong></span> <span class='ocrx_word' id='word_1_688' title='bbox 612 4620 660 4668; x_wconf 88' lang='lat' dir='ltr'><strong>tua</strong></span> <span class='ocrx_word' id='word_1_689' title='bbox 673 4613 816 4670; x_wconf 73' lang='lat' dir='ltr'><strong>letabitur</strong></span> <span class='ocrx_word' id='word_1_690' title='bbox 827 4631 879 4671; x_wconf 78' lang='lat' dir='ltr'><strong>ren</strong></span> <span class='ocrx_word' id='word_1_691' title='bbox 893 4616 979 4688; x_wconf 81' lang='lat' dir='ltr'><strong>(Psat.</strong></span> <span class='ocrx_word' id='word_1_692' title='bbox 1034 4615 1109 4668; x_wconf 81' lang='lat' dir='ltr'><strong>riam</strong></span> <span class='ocrx_word' id='word_1_693' title='bbox 1122 4625 1182 4683; x_wconf 79' lang='lat' dir='ltr'><strong>puae</strong></span> <span class='ocrx_word' id='word_1_694' title='bbox 1197 4609 1367 4666; x_wconf 77' lang='lat' dir='ltr'><strong>revelabitur</strong></span> <span class='ocrx_word' id='word_1_695' title='bbox 1377 4612 1407 4665; x_wconf 82' lang='lat' dir='ltr'><strong>in</strong></span> <span class='ocrx_word' id='word_1_696' title='bbox 1416 4612 1517 4665; x_wconf 85' lang='lat' dir='ltr'><strong>sanctis</strong></span> <span class='ocrx_word' id='word_1_697' title='bbox 1528 4612 1605 4682; x_wconf 79' lang='lat' dir='ltr'><strong>(Rura</strong></span> <span class='ocrx_word' id='word_1_698' title='bbox 1620 4618 1691 4679; x_wconf 83' lang='lat' dir='ltr'><strong>vurl.</strong></span> <span class='ocrx_word' id='word_1_699' title='bbox 1709 4612 1790 4676; x_wconf 84' lang='lat' dir='ltr'><strong>Ouos</strong></span> <span class='ocrx_word' id='word_1_700' title='bbox 1807 4631 1862 4669; x_wconf 90' lang='lat' dir='ltr'><strong>uon</strong></span> 
     </span>
     <span class='ocr_line' id='line_1_51' title="bbox 153 4697 1861 4773; baseline 0.003 -21"><span class='ocrx_word' id='word_1_701' title='bbox 153 4698 211 4770; x_wconf 82' lang='lat' dir='ltr'>xx).</span> <span class='ocrx_word' id='word_1_702' title='bbox 228 4701 290 4755; x_wconf 83' lang='lat' dir='ltr'><strong>lton</strong></span> <span class='ocrx_word' id='word_1_703' title='bbox 301 4697 663 4773; x_wconf 77' lang='lat' dir='ltr'><strong>enimjralicatpuemquam</strong></span> <span class='ocrx_word' id='word_1_704' title='bbox 675 4707 774 4773; x_wconf 81' lang='lat' dir='ltr'><strong>Pater,</strong></span> <span class='ocrx_word' id='word_1_705' title='bbox 785 4704 832 4760; x_wconf 82' lang='lat' dir='ltr'><strong>sed</strong></span> <span class='ocrx_word' id='word_1_706' title='bbox 842 4721 921 4761; x_wconf 78' lang='lat' dir='ltr'><strong>omrse</strong></span> <span class='ocrx_word' id='word_1_707' title='bbox 931 4706 979 4772; x_wconf 74' lang='lat' dir='ltr'><strong>iu·</strong></span> <span class='ocrx_word' id='word_1_708' title='bbox 1034 4702 1157 4757; x_wconf 81' lang='lat' dir='ltr'><strong>adornat</strong></span> <span class='ocrx_word' id='word_1_709' title='bbox 1173 4717 1239 4755; x_wconf 78' lang='lat' dir='ltr'><strong>vere</strong></span> <span class='ocrx_word' id='word_1_710' title='bbox 1255 4699 1327 4755; x_wconf 86' lang='lat' dir='ltr'><strong>fides</strong></span> <span class='ocrx_word' id='word_1_711' title='bbox 1342 4703 1371 4754; x_wconf 90' lang='lat' dir='ltr'><strong>et</strong></span> <span class='ocrx_word' id='word_1_712' title='bbox 1385 4698 1526 4769; x_wconf 80' lang='lat' dir='ltr'><strong>sepientis</strong></span> <span class='ocrx_word' id='word_1_713' title='bbox 1538 4700 1601 4767; x_wconf 85' lang='lat' dir='ltr'><strong>Dei,</strong></span> <span class='ocrx_word' id='word_1_714' title='bbox 1618 4701 1685 4757; x_wconf 88' lang='lat' dir='ltr'><strong>illos</strong></span> <span class='ocrx_word' id='word_1_715' title='bbox 1710 4704 1861 4772; x_wconf 82' lang='lat' dir='ltr'><strong>perturbet</strong></span> 
     </span>
    </p>
   </div>
   <div class='ocr_carea' id='block_1_16' title="bbox 27 4775 1861 4866">
    <p class='ocr_par' dir='ltr' id='par_1_18' title="bbox 27 4775 1861 4866">
     <span class='ocr_line' id='line_1_52' title="bbox 27 4775 1861 4866; baseline 0.004 -23"><span class='ocrx_word' id='word_1_716' title='bbox 27 4775 32 4785; x_wconf 55' lang='lat'>¹</span> <span class='ocrx_word' id='word_1_717' title='bbox 48 4790 51 4795; x_wconf 84' lang='lat'>&#39;</span> <span class='ocrx_word' id='word_1_718' title='bbox 153 4786 257 4844; x_wconf 83' lang='lat' dir='ltr'><strong>dicium</strong></span> <span class='ocrx_word' id='word_1_719' title='bbox 270 4788 345 4846; x_wconf 79' lang='lat' dir='ltr'><strong>teon</strong></span> <span class='ocrx_word' id='word_1_720' title='bbox 358 4788 417 4858; x_wconf 78' lang='lat' dir='ltr'><strong>filio</strong></span> <span class='ocrx_word' id='word_1_721' title='bbox 432 4790 570 4863; x_wconf 74' lang='lat' dir='ltr'><strong>(laune),</strong></span> <span class='ocrx_word' id='word_1_722' title='bbox 586 4793 637 4864; x_wconf 89' lang='lat' dir='ltr'><strong>qui</strong></span> <span class='ocrx_word' id='word_1_723' title='bbox 653 4809 702 4848; x_wconf 87' lang='lat' dir='ltr'><strong>rex</strong></span> <span class='ocrx_word' id='word_1_724' title='bbox 712 4792 804 4849; x_wconf 85' lang='lat' dir='ltr'><strong>Filius</strong></span> <span class='ocrx_word' id='word_1_725' title='bbox 815 4793 866 4848; x_wconf 88' lang='lat' dir='ltr'><strong>Dei</strong></span> <span class='ocrx_word' id='word_1_726' title='bbox 882 4793 979 4850; x_wconf 82' lang='lat' dir='ltr'><strong>Putris</strong></span> <span class='ocrx_word' id='word_1_727' title='bbox 1033 4788 1594 4862; x_wconf 83' lang='lat' dir='ltr'><strong>temporisetrorumignoruntie‚quide</strong></span> <span class='ocrx_word' id='word_1_728' title='bbox 1606 4792 1861 4866; x_wconf 72' lang='lat' dir='ltr'><strong>preteritisstque</strong></span> 
     </span>
    </p>
   </div>
   <div class='ocr_carea' id='block_1_17' title="bbox 153 4877 1862 5042">
    <p class='ocr_par' dir='ltr' id='par_1_19' title="bbox 153 4877 1862 5042">
     <span class='ocr_line' id='line_1_53' title="bbox 153 4877 1861 4957; baseline 0.005 -27"><span class='ocrx_word' id='word_1_729' title='bbox 153 4877 230 4947; x_wconf 83' lang='lat' dir='ltr'><strong>regis</strong></span> <span class='ocrx_word' id='word_1_730' title='bbox 245 4880 290 4933; x_wconf 91' lang='lat' dir='ltr'><strong>est</strong></span> <span class='ocrx_word' id='word_1_731' title='bbox 304 4877 393 4935; x_wconf 80' lang='lat' dir='ltr'><strong>filius.</strong></span> <span class='ocrx_word' id='word_1_732' title='bbox 410 4879 504 4949; x_wconf 87' lang='lat' dir='ltr'><strong>Hujus</strong></span> <span class='ocrx_word' id='word_1_733' title='bbox 520 4879 617 4954; x_wconf 85' lang='lat' dir='ltr'><strong>itaque</strong></span> <span class='ocrx_word' id='word_1_734' title='bbox 628 4881 820 4937; x_wconf 80' lang='lat' dir='ltr'><strong>custodiendo</strong></span> <span class='ocrx_word' id='word_1_735' title='bbox 834 4888 977 4956; x_wconf 82' lang='lat' dir='ltr'><strong>praeoepts</strong></span> <span class='ocrx_word' id='word_1_736' title='bbox 1032 4882 1067 4936; x_wconf 90' lang='lat' dir='ltr'><strong>de</strong></span> <span class='ocrx_word' id='word_1_737' title='bbox 1082 4880 1190 4935; x_wconf 86' lang='lat' dir='ltr'><strong>laturis</strong></span> <span class='ocrx_word' id='word_1_738' title='bbox 1205 4878 1308 4934; x_wconf 88' lang='lat' dir='ltr'><strong>incerti</strong></span> <span class='ocrx_word' id='word_1_739' title='bbox 1324 4878 1478 4948; x_wconf 77' lang='lat' dir='ltr'><strong>praeseutia</strong></span> <span class='ocrx_word' id='word_1_740' title='bbox 1495 4881 1698 4937; x_wconf 83' lang='lat' dir='ltr'><strong>tantummodo</strong></span> <span class='ocrx_word' id='word_1_741' title='bbox 1720 4884 1861 4957; x_wconf 71' lang='lat' dir='ltr'><strong>‹eoncupi-</strong></span> 
     </span>
     <span class='ocr_line' id='line_1_54' title="bbox 153 4963 1862 5042; baseline 0.004 -21"><span class='ocrx_word' id='word_1_742' title='bbox 153 4969 234 5033; x_wconf 87' lang='lat' dir='ltr'><strong>sunt,</strong></span> <span class='ocrx_word' id='word_1_743' title='bbox 250 4963 341 5036; x_wconf 88' lang='lat' dir='ltr'><strong>hujus</strong></span> <span class='ocrx_word' id='word_1_744' title='bbox 355 4967 490 5024; x_wconf 84' lang='lat' dir='ltr'><strong>voluntas</strong></span> <span class='ocrx_word' id='word_1_745' title='bbox 505 4970 655 5040; x_wconf 83' lang='lat' dir='ltr'><strong>putrands.</strong></span> <span class='ocrx_word' id='word_1_746' title='bbox 674 4970 708 5023; x_wconf 76' lang='lat' dir='ltr'><strong>lit</strong></span> <span class='ocrx_word' id='word_1_747' title='bbox 726 4970 780 5026; x_wconf 88' lang='lat' dir='ltr'><strong>boc</strong></span> <span class='ocrx_word' id='word_1_748' title='bbox 795 4981 838 5027; x_wconf 91' lang='lat' dir='ltr'><strong>est</strong></span> <span class='ocrx_word' id='word_1_749' title='bbox 854 4972 930 5042; x_wconf 88' lang='lat' dir='ltr'><strong>quod</strong></span> <span class='ocrx_word' id='word_1_750' title='bbox 946 4973 976 5026; x_wconf 89' lang='lat' dir='ltr'><strong>in</strong></span> <span class='ocrx_word' id='word_1_751' title='bbox 1032 4968 1229 5040; x_wconf 88' lang='lat' dir='ltr'><strong>souut,quids</strong></span> <span class='ocrx_word' id='word_1_752' title='bbox 1241 4967 1862 5038; x_wconf 86' lang='lat' dir='ltr'><strong>temporibusetrerumordineouussntur,</strong></span> 
     </span>
    </p>
   </div>
   <div class='ocr_carea' id='block_1_18' title="bbox 66 5053 1861 5218">
    <p class='ocr_par' dir='ltr' id='par_1_20' title="bbox 66 5053 1861 5218">
     <span class='ocr_line' id='line_1_55' title="bbox 66 5053 1861 5131; baseline 0.008 -25"><span class='ocrx_word' id='word_1_753' title='bbox 66 5116 70 5125; x_wconf 39' lang='grc'><strong>,</strong></span> <span class='ocrx_word' id='word_1_754' title='bbox 151 5053 247 5109; x_wconf 82' lang='lat' dir='ltr'><strong>&#39;rabies</strong></span> <span class='ocrx_word' id='word_1_755' title='bbox 271 5053 346 5110; x_wconf 85' lang='lat' dir='ltr'><strong>libro</strong></span> <span class='ocrx_word' id='word_1_756' title='bbox 370 5056 528 5112; x_wconf 77' lang='lat' dir='ltr'><strong>scribitur:</strong></span> <span class='ocrx_word' id='word_1_757' title='bbox 547 5058 702 5128; x_wconf 80' lang='lat' dir='ltr'><strong>llysterium</strong></span> <span class='ocrx_word' id='word_1_758' title='bbox 728 5060 800 5128; x_wconf 79' lang='lat' dir='ltr'><strong>repis</strong></span> <span class='ocrx_word' id='word_1_759' title='bbox 813 5060 977 5116; x_wconf 80' lang='lat' dir='ltr'><strong>abscondero</strong></span> <span class='ocrx_word' id='word_1_760' title='bbox 1031 5058 1116 5131; x_wconf 86' lang='lat' dir='ltr'><strong>quasi</strong></span> <span class='ocrx_word' id='word_1_761' title='bbox 1136 5057 1214 5113; x_wconf 85' lang='lat' dir='ltr'><strong>melu</strong></span> <span class='ocrx_word' id='word_1_762' title='bbox 1229 5066 1297 5113; x_wconf 85' lang='lat' dir='ltr'><strong>sunl</strong></span> <span class='ocrx_word' id='word_1_763' title='bbox 1314 5064 1454 5128; x_wconf 78' lang='lat' dir='ltr'><strong>tompore.</strong></span> <span class='ocrx_word' id='word_1_764' title='bbox 1473 5074 1525 5113; x_wconf 90' lang='lat' dir='ltr'><strong>noo</strong></span> <span class='ocrx_word' id='word_1_765' title='bbox 1548 5064 1645 5114; x_wconf 87' lang='lat' dir='ltr'><strong>certus</strong></span> <span class='ocrx_word' id='word_1_766' title='bbox 1659 5061 1733 5116; x_wconf 95' lang='lat' dir='ltr'><strong>ordo</strong></span> <span class='ocrx_word' id='word_1_767' title='bbox 1751 5078 1861 5121; x_wconf 85' lang='lat' dir='ltr'><strong>rerum.</strong></span> 
     </span>
     <span class='ocr_line' id='line_1_56' title="bbox 66 5143 1860 5218; baseline 0.006 -19"><span class='ocrx_word' id='word_1_768' title='bbox 66 5156 70 5165; x_wconf 92' lang='grc'><strong>’</strong></span> <span class='ocrx_word' id='word_1_769' title='bbox 152 5143 253 5199; x_wconf 81' lang='lat' dir='ltr'><strong>bonum</strong></span> <span class='ocrx_word' id='word_1_770' title='bbox 268 5151 306 5199; x_wconf 86' lang='lat' dir='ltr'><strong>est</strong></span> <span class='ocrx_word' id='word_1_771' title='bbox 321 5143 394 5215; x_wconf 79' lang='lat' dir='ltr'><strong>(nn</strong></span> <span class='ocrx_word' id='word_1_772' title='bbox 411 5148 471 5215; x_wconf 77' lang='lat' dir='ltr'><strong>su).</strong></span> <span class='ocrx_word' id='word_1_773' title='bbox 488 5151 523 5201; x_wconf 83' lang='lat' dir='ltr'><strong>ut</strong></span> <span class='ocrx_word' id='word_1_774' title='bbox 543 5145 686 5217; x_wconf 78' lang='lat' dir='ltr'><strong>precipue</strong></span> <span class='ocrx_word' id='word_1_775' title='bbox 703 5154 812 5215; x_wconf 75' lang='lat' dir='ltr'><strong>nannet,</strong></span> <span class='ocrx_word' id='word_1_776' title='bbox 828 5165 864 5205; x_wconf 91' lang='lat' dir='ltr'><strong>ne</strong></span> <span class='ocrx_word' id='word_1_777' title='bbox 885 5154 977 5205; x_wconf 85' lang='lat' dir='ltr'><strong>retrs·</strong></span> <span class='ocrx_word' id='word_1_778' title='bbox 1031 5154 1107 5217; x_wconf 79' lang='lat' dir='ltr'><strong>Quos</strong></span> <span class='ocrx_word' id='word_1_779' title='bbox 1123 5158 1219 5204; x_wconf 88' lang='lat' dir='ltr'><strong>autom</strong></span> <span class='ocrx_word' id='word_1_780' title='bbox 1233 5146 1380 5203; x_wconf 84' lang='lat' dir='ltr'><strong>reratldes</strong></span> <span class='ocrx_word' id='word_1_781' title='bbox 1391 5147 1575 5217; x_wconf 82' lang='lat' dir='ltr'><strong>rtsspientie</strong></span> <span class='ocrx_word' id='word_1_782' title='bbox 1589 5149 1636 5203; x_wconf 85' lang='lat' dir='ltr'><strong>Dei</strong></span> <span class='ocrx_word' id='word_1_783' title='bbox 1650 5148 1788 5218; x_wconf 86' lang='lat' dir='ltr'><strong>ndornst,</strong></span> <span class='ocrx_word' id='word_1_784' title='bbox 1803 5170 1860 5208; x_wconf 91' lang='lat' dir='ltr'><strong>nou</strong></span> 
     </span>
    </p>
   </div>
   <div class='ocr_carea' id='block_1_19' title="bbox 151 5233 1863 5579">
    <p class='ocr_par' dir='ltr' id='par_1_21' title="bbox 151 5233 1863 5579">
     <span class='ocr_line' id='line_1_57' title="bbox 152 5233 1862 5309; baseline 0.005 -20"><span class='ocrx_word' id='word_1_785' title='bbox 152 5239 265 5290; x_wconf 85' lang='lat' dir='ltr'><strong>olemus</strong></span> <span class='ocrx_word' id='word_1_786' title='bbox 280 5248 370 5304; x_wconf 84' lang='lat' dir='ltr'><strong>quere</strong></span> <span class='ocrx_word' id='word_1_787' title='bbox 387 5233 464 5290; x_wconf 84' lang='lat' dir='ltr'><strong>Deus</strong></span> <span class='ocrx_word' id='word_1_788' title='bbox 480 5235 713 5306; x_wconf 89' lang='lat' dir='ltr'><strong>unumquodque</strong></span> <span class='ocrx_word' id='word_1_789' title='bbox 729 5239 907 5309; x_wconf 76' lang='lat' dir='ltr'><strong>preceperit,</strong></span> <span class='ocrx_word' id='word_1_790' title='bbox 923 5240 974 5295; x_wconf 89' lang='lat' dir='ltr'><strong>sed</strong></span> <span class='ocrx_word' id='word_1_791' title='bbox 1030 5238 1234 5295; x_wconf 83' lang='lat' dir='ltr'><strong>cousenturde</strong></span> <span class='ocrx_word' id='word_1_792' title='bbox 1245 5235 1427 5305; x_wconf 84' lang='lat' dir='ltr'><strong>temporibus</strong></span> <span class='ocrx_word' id='word_1_793' title='bbox 1437 5240 1524 5306; x_wconf 85' lang='lat' dir='ltr'><strong>etque</strong></span> <span class='ocrx_word' id='word_1_794' title='bbox 1534 5252 1631 5293; x_wconf 86' lang='lat' dir='ltr'><strong>rerum</strong></span> <span class='ocrx_word' id='word_1_795' title='bbox 1643 5240 1748 5296; x_wconf 88' lang='lat' dir='ltr'><strong>ordine</strong></span> <span class='ocrx_word' id='word_1_796' title='bbox 1762 5243 1862 5298; x_wconf 82' lang='lat' dir='ltr'><strong>solunt</strong></span> 
     </span>
     <span class='ocr_line' id='line_1_58' title="bbox 151 5321 1862 5399; baseline 0.007 -21"><span class='ocrx_word' id='word_1_797' title='bbox 151 5322 348 5394; x_wconf 87' lang='lat' dir='ltr'><strong>quodcunque</strong></span> <span class='ocrx_word' id='word_1_798' title='bbox 362 5321 468 5378; x_wconf 89' lang='lat' dir='ltr'><strong>viderit</strong></span> <span class='ocrx_word' id='word_1_799' title='bbox 482 5337 546 5376; x_wconf 82' lang='lat' dir='ltr'><strong>esse</strong></span> <span class='ocrx_word' id='word_1_800' title='bbox 562 5324 743 5391; x_wconf 86' lang='lat' dir='ltr'><strong>mundatum,</strong></span> <span class='ocrx_word' id='word_1_801' title='bbox 761 5326 814 5382; x_wconf 86' lang='lat' dir='ltr'><strong>hoo</strong></span> <span class='ocrx_word' id='word_1_802' title='bbox 830 5329 878 5399; x_wconf 86' lang='lat' dir='ltr'><strong>pis</strong></span> <span class='ocrx_word' id='word_1_803' title='bbox 894 5344 974 5385; x_wconf 76' lang='lat' dir='ltr'><strong>riscus</strong></span> <span class='ocrx_word' id='word_1_804' title='bbox 1030 5335 1179 5386; x_wconf 83' lang='lat' dir='ltr'><strong>momente</strong></span> <span class='ocrx_word' id='word_1_805' title='bbox 1194 5344 1291 5384; x_wconf 90' lang='lat' dir='ltr'><strong>rerum</strong></span> <span class='ocrx_word' id='word_1_806' title='bbox 1307 5331 1336 5382; x_wconf 89' lang='lat' dir='ltr'><strong>st</strong></span> <span class='ocrx_word' id='word_1_807' title='bbox 1351 5330 1517 5396; x_wconf 89' lang='lat' dir='ltr'><strong>temporum</strong></span> <span class='ocrx_word' id='word_1_808' title='bbox 1540 5327 1627 5384; x_wconf 88' lang='lat' dir='ltr'><strong>vices.</strong></span> <span class='ocrx_word' id='word_1_809' title='bbox 1644 5329 1699 5386; x_wconf 85' lang='lat' dir='ltr'><strong>Cor</strong></span> <span class='ocrx_word' id='word_1_810' title='bbox 1713 5333 1795 5389; x_wconf 88' lang='lat' dir='ltr'><strong>enim</strong></span> <span class='ocrx_word' id='word_1_811' title='bbox 1813 5351 1862 5391; x_wconf 89' lang='lat' dir='ltr'><strong>ss·</strong></span> 
     </span>
     <span class='ocr_line' id='line_1_59' title="bbox 151 5408 1863 5493; baseline 0.008 -27"><span class='ocrx_word' id='word_1_812' title='bbox 151 5411 282 5467; x_wconf 88' lang='lat' dir='ltr'><strong>hominis</strong></span> <span class='ocrx_word' id='word_1_813' title='bbox 293 5408 415 5481; x_wconf 88' lang='lat' dir='ltr'><strong>implere</strong></span> <span class='ocrx_word' id='word_1_814' title='bbox 427 5410 553 5477; x_wconf 80' lang='lat' dir='ltr'><strong>festinet,</strong></span> <span class='ocrx_word' id='word_1_815' title='bbox 564 5416 589 5466; x_wconf 84' lang='lat' dir='ltr'><strong>et</strong></span> <span class='ocrx_word' id='word_1_816' title='bbox 597 5413 636 5467; x_wconf 83' lang='lat' dir='ltr'><strong>sic</strong></span> <span class='ocrx_word' id='word_1_817' title='bbox 646 5413 676 5467; x_wconf 88' lang='lat' dir='ltr'><strong>in</strong></span> <span class='ocrx_word' id='word_1_818' title='bbox 683 5416 739 5484; x_wconf 81' lang='lat' dir='ltr'><strong>lepe</strong></span> <span class='ocrx_word' id='word_1_819' title='bbox 749 5416 919 5474; x_wconf 79' lang='lat' dir='ltr'><strong>Domr&#39;nierit</strong></span> <span class='ocrx_word' id='word_1_820' title='bbox 929 5434 975 5474; x_wconf 88' lang='lat' dir='ltr'><strong>uo·</strong></span> <span class='ocrx_word' id='word_1_821' title='bbox 1029 5419 1136 5493; x_wconf 62' lang='lat' dir='ltr'><strong>silenitis</strong></span> <span class='ocrx_word' id='word_1_822' title='bbox 1153 5416 1299 5488; x_wconf 87' lang='lat' dir='ltr'><strong>intelligit,</strong></span> <span class='ocrx_word' id='word_1_823' title='bbox 1315 5432 1373 5486; x_wconf 85' lang='lat' dir='ltr'><strong>qua</strong></span> <span class='ocrx_word' id='word_1_824' title='bbox 1390 5415 1503 5472; x_wconf 79' lang='lat' dir='ltr'><strong>ratione</strong></span> <span class='ocrx_word' id='word_1_825' title='bbox 1515 5417 1685 5488; x_wconf 86' lang='lat' dir='ltr'><strong>responderi</strong></span> <span class='ocrx_word' id='word_1_826' title='bbox 1699 5423 1797 5492; x_wconf 83' lang='lat' dir='ltr'><strong>possit</strong></span> <span class='ocrx_word' id='word_1_827' title='bbox 1808 5424 1863 5479; x_wconf 92' lang='lat' dir='ltr'><strong>du·</strong></span> 
     </span>
     <span class='ocr_line' id='line_1_60' title="bbox 162 5497 1863 5579; baseline 0.006 -23"><span class='ocrx_word' id='word_1_828' title='bbox 162 5497 409 5570; x_wconf 71' lang='lat' dir='ltr'><strong>nataseJ&#39;uslPsal.</strong></span> <span class='ocrx_word' id='word_1_829' title='bbox 428 5500 456 5567; x_wconf 85' lang='lat' dir='ltr'><strong>r).</strong></span> <span class='ocrx_word' id='word_1_830' title='bbox 474 5498 907 5579; x_wconf 80' lang='lat' dir='ltr'><strong>lgiturjursmcutispraeccpta</strong></span> <span class='ocrx_word' id='word_1_831' title='bbox 924 5509 974 5564; x_wconf 87' lang='lat' dir='ltr'><strong>Dei</strong></span> <span class='ocrx_word' id='word_1_832' title='bbox 1029 5509 1132 5563; x_wconf 86' lang='lat' dir='ltr'><strong>bitsnti</strong></span> <span class='ocrx_word' id='word_1_833' title='bbox 1149 5508 1184 5563; x_wconf 90' lang='lat' dir='ltr'><strong>do</strong></span> <span class='ocrx_word' id='word_1_834' title='bbox 1200 5522 1298 5562; x_wconf 89' lang='lat' dir='ltr'><strong>rerum</strong></span> <span class='ocrx_word' id='word_1_835' title='bbox 1319 5503 1429 5561; x_wconf 85' lang='lat' dir='ltr'><strong>causis.</strong></span> <span class='ocrx_word' id='word_1_836' title='bbox 1454 5503 1516 5562; x_wconf 84' lang='lat' dir='ltr'><strong>Scit</strong></span> <span class='ocrx_word' id='word_1_837' title='bbox 1531 5507 1668 5576; x_wconf 81' lang='lat' dir='ltr'><strong>quoniam</strong></span> <span class='ocrx_word' id='word_1_838' title='bbox 1694 5515 1795 5567; x_wconf 83' lang='lat' dir='ltr'><strong>mente</strong></span> <span class='ocrx_word' id='word_1_839' title='bbox 1809 5510 1863 5568; x_wconf 84' lang='lat' dir='ltr'><strong>Dei</strong></span> 
     </span>
    </p>
   </div>
   <div class='ocr_carea' id='block_1_20' title="bbox 0 0 1918 6014">
    <p class='ocr_par' dir='ltr' id='par_1_22' title="bbox 0 0 1918 6014">
     <span class='ocr_line' id='line_1_61' title="bbox 0 0 1918 6014; baseline 0 0"><span class='ocrx_word' id='word_1_840' title='bbox 0 0 1918 6014; x_wconf 95' lang='lat' dir='ltr'><strong> </strong></span> 
     </span>
    </p>
   </div>
  </div>
 </body>
</html>
