3826 6014
88 227 152 289 m
413 224 619 290 GOMMENT.
643 227 681 288 tu
707 223 762 288 Xll
784 222 925 285 PROPH.
952 223 1037 283 illN.
1061 257 1100 273 -
1121 226 1160 287 ΙΝ
1184 226 1292 289 ostia.
1317 226 1391 291 Ltu.
1415 228 1465 290 til.
1739 232 1796 299 tiu

126 361 275 418 decoratus
290 360 329 416 est
344 359 440 427 israel,
455 358 687 430 nuncsoctusest
702 359 733 413 in
751 354 957 424 nonanitusA
970 355 1042 428 sccii
1059 356 1089 412 is
1105 356 1297 430 siclarinam.
1313 361 1393 426 Quod
1409 363 1438 417 et
1465 360 1488 416 si
1519 359 1596 430 iacit,
1626 379 1683 423 non
1709 362 1799 422 alieni

88 448 918 525 puasiausimmundum,puiaipsiascenderuntadlssur.
971 447 1136 506 esurientes
1152 452 1337 508 comedimus
1350 467 1422 510 earn.
1444 457 1606 510 ascensuro
1633 454 1714 512 illum
1739 473 1796 531 quo
1880 430 1892 451 ⁶

89 542 126 597 Et
141 555 259 596 sensus:
275 545 492 596 Devoravsrunt
507 537 607 594 hostes
622 537 723 598 lsrael.
748 539 789 592 its
814 535 918 605 utiam
971 537 1169 594 ascenderunt
1181 541 1216 595 ad
1235 543 1327 597 Assur
1340 539 1436 596 adbuc
1456 540 1586 608 denotat,
1609 543 1650 599 ita
1671 547 1796 619 snbjun-

88 647 149 687 non
162 626 918 702 sitpopulas,sicutprrsdictumiuerstiPsoi.nxsvit;
971 642 1065 698 gans:
1083 627 1193 700 (isuper
1207 631 1353 686 solitarius
1375 630 1431 686 siti
1458 631 1590 701 Ephraim
1609 649 1725 690 munera
1750 635 1794 691 de·

91 719 183 792 (acm.
199 719 237 790 x):
253 717 288 773 lit
297 733 351 790 ego
362 719 524 788 provocabo
533 732 583 772 eos
593 716 621 771 in
633 715 733 787 eo,qni
750 732 806 771 non
818 721 862 770 cst
873 729 922 783 pu·
971 717 1071 774 derunt
1085 721 1271 785 aenatoribus.
1285 720 1331 777 sed
1346 726 1372 778 et
1386 738 1449 778 cum
1463 725 1589 779 mercede
1601 724 1796 782 conducerent

89 808 192 881 palus,
207 809 269 863 aive
279 812 309 863 ei
322 807 422 880 egoad
432 805 650 862 emulationem
666 821 718 861 vos
733 803 876 861 adducam
888 801 918 858 in
971 809 1108 863 nationes.
1126 807 1251 881 Onager,
1267 810 1355 867 idest
1370 812 1493 884 agrestis
1509 811 1621 878 asinus,
1647 813 1793 872 bantinum

88 922 149 962 non
162 912 290 979 gentem,
306 911 412 961 etcum
433 903 633 960 reciderintin
645 901 858 976 orogladii,qoi
872 916 920 957 su·
971 897 1095 954 stultum
1110 906 1199 970 atque
1213 905 1372 971 superbum
1398 901 1555 972 significor,
1583 903 1661 960 sicut
1688 904 1718 960 in
1739 903 1794 963 iob

88 995 255 1066 periuerint
267 993 365 1059 exeis,
378 992 482 1065 captivi
498 992 643 1048 ducentur
658 992 688 1047 in
703 1006 806 1047 omnos
817 994 918 1062 gantas
971 987 1194 1059 scriptumest:
1214 991 1258 1045 Vir
1272 1006 1359 1046 cauneis
1373 991 1403 1048 in
1430 993 1589 1062 superia'um
1610 995 1743 1066 eripitur,
1771 998 1797 1051 et

86 1091 118 1140 et
133 1084 303 1156 ubicunque
316 1082 422 1139 inerint
440 1097 491 1154 pro
507 1080 672 1137 immundis
684 1080 919 1147 habebuntur,nt
970 1076 1051 1147 quasi
1063 1076 1172 1140 pullum
1187 1081 1286 1151 anupri
1299 1078 1557 1136 liberumsenotum
1569 1086 1648 1153 putat
1659 1083 1728 1153 (iai.
1742 1085 1793 1156 ιι).

88 1189 158 1228 vere
173 1182 254 1228 sunt.
273 1171 427 1244 lpsiantm
444 1171 662 1242 santonicum
679 1168 918 1240 blasphemarent
972 1163 1059 1220 Recte
1074 1182 1143 1238 ergo
1164 1183 1215 1238 per
1225 1183 1367 1239 onagrum
1388 1169 1515 1225 carnalis
1542 1169 1640 1240 isreel,
1663 1171 1722 1225 sivo
1741 1171 1794 1228 iu·

88 1262 249 1318 Dominum
264 1262 414 1317 dicantes:
433 1261 462 1315 ln
490 1257 639 1314 ceturae
665 1257 791 1329 principe
813 1258 914 1313 doema·
971 1252 1052 1310 draus
1067 1254 1115 1309 hic
1130 1256 1313 1329 intelligitur,
1329 1257 1381 1330 qui
1396 1256 1513 1312 vinculo
1532 1259 1645 1314 bomini
1662 1259 1794 1331 ligerici

87 1354 203 1407 nioruor
218 1351 295 1420 ejicit
310 1346 564 1422 demoniatldottiv.
574 1347 737 1415 su),taliter
752 1344 917 1403 denuntiati
970 1342 1587 1418 soprasepcsjnsnuoioootenpstt,stcuttn
1597 1349 1793 1418 lsaisipscbo·

89 1448 178 1495 sunt:
194 1437 916 1510 domimmundusspiritsseoeieritailiomine,am·
971 1440 1069 1499 minus
1094 1444 1185 1500 dicit:
1216 1444 1344 1516 Cepnauit
1370 1448 1419 1502 bos
1444 1461 1624 1517 possessorem
1647 1465 1739 1515 suam,
1768 1456 1795 1506 et
1848 1484 1853 1492 ·
1895 1496 1897 1500 .

89 1530 168 1585 tutat
178 1544 228 1601 per
243 1529 301 1584 loca
310 1530 454 1600 inaquam,
470 1541 595 1600 patereris
611 1525 780 1599 requiem,ei
802 1541 857 1582 aon
872 1527 919 1580 in-
971 1529 1068 1587 asinss
1089 1547 1212 1604 praesepe
1234 1533 1341 1590 domini
1360 1535 1415 1600 sui,
1446 1535 1533 1590 lsrael
1556 1547 1648 1591 uatem
1671 1553 1713 1592 rne
1738 1552 1793 1594 non

88 1619 215 1687 veniens,
231 1619 316 1675 dicit:
333 1619 627 1676 Revertarindomum
638 1615 917 1675 meamundeeeici.
971 1622 1109 1690 copnouit,
1126 1625 1152 1677 ei
1167 1623 1495 1693 papulusmeusrnenon
1511 1625 1651 1681 intellexit
1666 1625 1729 1697 (lca.
1759 1626 1792 1698 ι).
1857 1614 1861 1623 ’

91 1715 125 1767 iit
140 1726 204 1765 cum
217 1712 331 1773 uenerit,
347 1711 454 1764 invenit
470 1710 855 1780 scopismonstoiam,ettunc
869 1723 917 1762 ua·
935 1728 956 1792 B
972 1709 1045 1765 Nam
1063 1713 1141 1766 sicut
1157 1728 1206 1781 per
1221 1711 1321 1767 bovem
1346 1713 1394 1778 oui
1419 1729 1617 1784 possessorem
1642 1731 1741 1783 suum,
1766 1719 1795 1770 et
1890 1774 1894 1781 ,

87 1799 142 1864 dit,
160 1809 186 1854 ct
199 1798 316 1854 assumit
327 1808 432 1868 sepiem
446 1799 516 1853 altos
529 1798 646 1867 spiritus
660 1798 807 1869 nequiores
830 1811 868 1858 se,
890 1804 918 1851 et
974 1813 1025 1869 per
1040 1801 1155 1853 asinam
1172 1799 1222 1871 qui
1241 1816 1367 1872 praesepe
1381 1801 1490 1856 domini
1507 1802 1552 1855 sui
1569 1804 1715 1873 cognovit,
1731 1817 1795 1858 cre·

88 1889 213 1958 inpressi
224 1888 354 1943 babitans
367 1889 417 1942 tos.
435 1888 467 1942 Et
480 1889 551 1958 fiunt
566 1886 719 1943 novissimo
739 1883 860 1941 iorninis
882 1884 918 1941 it·
974 1885 1047 1939 dens
1062 1900 1095 1940 sc
1110 1884 1127 1939 li
1139 1886 1203 1940 tetis
1219 1886 1345 1957 quisque
1360 1886 1546 1958 intelligitur,
1562 1887 1611 1943 ille
1625 1887 1661 1944 de
1674 1888 1795 1960 induis,
1873 1918 1877 1927 ,

89 1981 146 2034 iius
160 1979 259 2048 peiora
279 1976 420 2048 prioribus
435 1979 510 2049 (Luc,
524 1982 574 2047 ιι).
592 1975 632 2033 Da
648 1978 767 2031 bomine
792 1990 919 2048 nauoque
975 1971 1029 2028 ists
1045 1973 1081 2026 do
1096 1972 1252 2043 gentitsns3
1269 1976 1311 2028 sic
1327 1972 1424 2040 lsrael,
1451 1992 1501 2046 qui
1525 1975 1681 2031 Dominum
1707 1994 1795 2033 eum·

88 2077 266 2132 immundus
280 2078 404 2146 spirtius
418 2074 516 2143 exivit,
526 2083 555 2130 ct
566 2090 618 2147 per
628 2074 691 2129 loca
703 2076 844 2146 inaquosa
854 2087 918 2128 sm·
974 2063 1041 2118 dem
1059 2079 1114 2117 ¹¹⁰⁰
1130 2064 1276 2135 ΰθῧῦθνῑῑ·
1292 2061 1335 2120 ἸθῙ
1352 2067 1489 2136 P⁰P¹¹¹¹¹³r
1499 2065 1548 2137 (lul
1562 2082 1627 2121 ⁰⁰⁰¹
1642 2082 1698 2123 ¹¹⁰⁰
1711 2066 1795 2124 52201·

90 2167 213 2230 butarii,
229 2165 346 2237 quando
370 2165 406 2218 (ιο
432 2163 539 2236 pupulo
563 2164 650 2219 [mei
676 2177 728 2234 per
753 2163 871 2234 Moysen
890 2166 920 2217 m
974 2151 1054 2221 lesit,
1073 2153 1131 2209 imo
1146 2168 1320 2216 coenoscerc
1337 2162 1388 2209 aut
1404 2153 1566 2227 intelligere
1590 2155 1696 2225 noluit,
1720 2163 1797 2214 recte

90 2257 187 2310 Aaron
203 2256 317 2309 cuicum
335 2254 383 2307 pet
400 2254 580 2322 suscipione
604 2256 736 2315 recensu,
761 2258 789 2307 ei
816 2257 919 2322 genien
975 2257 1084 2312 onager
1096 2243 1215 2305 dicitur,
1227 2242 1255 2296 id
1271 2243 1426 2299 ostroinos
1437 2245 1568 2315 quidem,
1579 2246 1629 2300 sed
1641 2246 1799 2317 superbos,

89 2341 233 2413 possedit,
250 2341 291 2396 lm
302 2342 425 2412 requiem
439 2353 575 2411 parens,
587 2354 643 2394 non
658 2336 775 2403 invenis,
787 2338 858 2409 quia
871 2352 918 2392 vo·
975 2331 1077 2386 asinus
1102 2347 1159 2402 pra
1179 2331 1316 2399 stultitia,
1333 2335 1383 2388 sed
1400 2333 1521 2389 intrenis
1537 2340 1566 2390 et
1592 2335 1726 2407 prasepii
1748 2335 1800 2392 do·

88 2433 177 2485 niens
193 2429 325 2484 cbristus
339 2429 518 2500 exspectatio
534 2434 680 2499 gentium,
699 2426 917 2482 territoriorum
977 2419 1077 2475 misici
1092 2427 1287 2493 contemptor,
1305 2421 1347 2478 vet
1360 2423 1481 2494 ignaros
1498 2441 1554 2495 prs
1570 2425 1717 2496 superbis.
1743 2423 1801 2482 ists

87 2518 274 2592 inquietavit,
290 2524 320 2574 at
334 2521 411 2573 toras
429 2519 517 2572 irrisit.
536 2521 678 2574 Reversus
694 2532 763 2588 ergo
776 2521 820 2571 ast
830 2517 859 2570 in
870 2515 919 2570 do·
975 2524 1085 2580 onager
1100 2509 1260 2570 solitarius.
1283 2511 1310 2566 id
1325 2519 1370 2567 est
1382 2511 1506 2584 populus
1518 2530 1534 2566 a
1545 2520 1654 2569 rectore
1671 2515 1726 2571 lieo
1736 2530 1800 2587 pra·

87 2624 174 2663 mum
201 2623 295 2672 suam,
320 2607 349 2663 id
373 2613 419 2662 est
443 2609 472 2661 in
496 2606 577 2661 iltius
602 2605 703 2677 populi
729 2619 920 2677 synagogam,
976 2599 1061 2665 lusus
1076 2606 1105 2654 et
1119 2600 1211 2666 solas,
1226 2606 1325 2672 utpote
1342 2600 1390 2656 liei
1406 2606 1609 2658 desertoreta
1630 2607 1685 2658 Deo
1700 2607 1799 2659 ‹tesar-

86 2713 180 2768 quam
197 2712 267 2767 quta
283 2698 392 2751 invenit
407 2697 495 2765 scopis
509 2694 712 2749 mandatumst
725 2704 864 2759 ornatam,
889 2692 918 2749 id
975 2694 1033 2754 tus,
1050 2688 1118 2760 quio
1143 2688 1221 2753 lenit,
1248 2694 1298 2743 aut
1321 2705 1379 2760 quo
1403 2689 1585 2747 declinavit?
1608 2690 1729 2760 llunera,
1753 2691 1800 2747 in·

86 2796 146 2850 ost,
161 2801 214 2857 par
227 2782 403 2857 hypocrisim
431 2784 596 2854 pulchram,
622 2799 765 2855 suasoque
790 2785 919 2838 volentes
976 2786 1050 2859 quit,
1066 2784 1200 2840 desierunt
1213 2785 1396 2850 amatoribus,
1409 2785 1455 2843 scd
1470 2796 1496 2842 et
1511 2803 1574 2843 cum
1589 2789 1710 2844 mercede
1731 2805 1797 2845 con·

88 2870 919 2944 statuorejostitiammuncingressushabitatibi,cumse·
975 2874 1115 2930 duxerunt
1130 2878 1266 2930 uariantes.
1281 2876 1422 2940 Qualibus
1439 2891 1561 2931 munera
1584 2878 1664 2933 dedit
1689 2883 1799 2933 amato·

85 2974 162 3036 ptem
188 2963 237 3021 ⁸5
267 2961 333 3016 aliis
359 2960 504 3032 spiritibus
539 2960 720 3032 nequioribus
746 2974 785 3024 se,
809 2959 922 3015 scilicet
976 2962 1229 3020 ribusiProiecto
1245 2964 1426 3020 amatoribus
1441 2981 1505 3020 stne
1526 2965 1593 3032 ilde,
1619 2966 1799 3021 cusatoribus

86 3070 156 3108 cuin
172 3068 255 3108 omns
269 3050 374 3122 spiritu
392 3048 551 3123 impietatis
576 3058 606 3105 et
630 3049 832 3120 blasphemia.
863 3047 917 3104 its·
976 3052 1144 3108 amantibus
1160 3052 1400 3120 insimulatione,
1417 3056 1466 3126 qui
1482 3054 1525 3110 sic
1540 3063 1639 3110 amant
1655 3061 1686 3110 ut
1701 3071 1801 3110 amnn-

85 3150 132 3198 oto
148 3157 217 3212 argo
233 3140 425 3194 dictumest:
448 3139 527 3195 Nunc
550 3143 639 3204 iactus
667 3143 708 3194 est
735 3141 767 3192 in
793 3134 915 3193 nationi·
933 3099 957 3165 C
972 3147 1016 3198 tas
1032 3142 1150 3210 iaciant,
1167 3141 1217 3213 qai
1233 3141 1387 3199 sicumare
1402 3142 1543 3199 simulant
1559 3152 1591 3198 ut
1606 3144 1799 3214 decipimini

86 3232 136 3289 ius
151 3228 237 3303 quasi
252 3246 300 3286 uas
315 3229 499 3296 immundum,
516 3230 697 3284 habitantem
727 3227 836 3301 quippe
862 3227 914 3284 ba·
969 3231 1105 3287 videlicet
1120 3247 1186 3287 cum
1198 3232 1314 3286 animas
1325 3232 1552 3288 devocaverintu
1565 3238 1622 3288 Deo
1632 3248 1699 3289 vero
1711 3232 1798 3290 Crea-

84 3320 135 3376 oet
151 3335 180 3374 tn
197 3335 230 3374 so
253 3318 391 3389 spiritum
417 3319 618 3374 immundum.
648 3318 718 3389 ipsa
744 3329 841 3372 autem
864 3332 915 3372 na·
970 3327 1030 3376 tore
1046 3336 1111 3386 suo,
1129 3320 1263 3391 protinus
1278 3320 1442 3377 denudatos
1456 3325 1485 3375 et
1499 3321 1639 3377 auxilinm
1664 3337 1722 3377 non
1744 3320 1795 3376 ba·

85 3411 182 3464 tiones
200 3423 271 3463 vasa
287 3407 440 3462 immunda
465 3412 547 3473 aunt,
570 3408 685 3479 direpta
709 3407 752 3462 illi
776 3406 844 3462 lorti
868 3423 915 3463 ar·
970 3409 1074 3465 beatos
1089 3407 1239 3475 invadant,
1257 3420 1289 3463 ut
1310 3407 1479 3480 possideant
1500 3425 1640 3482 suasitque
1664 3408 1797 3483 tyranni·

89 3506 180 3565 mato,
196 3497 448 3568 quemadmodum
464 3495 505 3550 ait
521 3496 583 3566 ipss
606 3494 751 3559 Christus,
777 3494 915 3565 sarnetip·
971 3499 1038 3554 dem
1056 3497 1086 3552 in
1101 3513 1149 3553 eos
1165 3502 1327 3553 exerceant.
1345 3497 1419 3570 drgo
1447 3499 1556 3555 ironice
1581 3499 1691 3553 dictum
1719 3515 1798 3554 ama·

89 3603 155 3642 snm
170 3587 344 3658 significans
358 3586 433 3657 (Luc.
450 3589 488 3654 ss)
512 3586 566 3639 Aut
579 3589 717 3657 quomodo
730 3593 816 3656 potest
840 3587 915 3656 puis·
972 3585 1088 3653 toribus,
1106 3601 1171 3642 nam
1185 3587 1327 3642 veraciter
1340 3588 1437 3643 dicere
1452 3593 1551 3659 posset
1567 3586 1713 3643 hostibus:
1726 3587 1798 3644 tales

88 3692 171 3748 quum
186 3675 296 3732 intrare
309 3674 341 3730 irs
354 3673 466 3730 domurn
478 3672 561 3746 [ortis
575 3680 601 3728 et
617 3674 742 3743 deripere
764 3689 829 3729 uasa
843 3674 914 3744 eius,
973 3674 1095 3746 Assyrii,
1111 3682 1280 3746 ceteraque
1293 3677 1427 3730 ustiones
1441 3678 1568 3742 t'uernnt,
1582 3676 1692 3746 quibus
1708 3675 1798 3732 lsrael

84 3768 143 3820 nisi
153 3765 234 3838 prius
249 3763 634 3836 ailipaueritsortem,ettunc
647 3763 759 3818 domum
774 3763 855 3819 iltius
872 3762 916 3819 di·
972 3762 1090 3820 misisse
1106 3779 1227 3820 muaors
1243 3764 1333 3819 reteri
1344 3764 1468 3819 Historia
1483 3780 1577 3830 sacra,
1589 3764 1721 3819 divinum
1738 3782 1794 3823 nou

83 3855 171 3927 ripiet
183 3857 197 3908 i
209 3854 316 3925 (imin.
332 3855 395 3926 ιι.)
411 3852 459 3910 Sic
474 3852 645 3908 immundus
656 3853 745 3908 lsrael
759 3853 916 3908 curiacius
973 3860 1142 3926 sperantem
1158 3852 1312 3908 auxilium.
1329 3850 1365 3908 Ut
1382 3868 1447 3908 vero
1464 3851 1499 3907 de
1515 3852 1622 3907 tuturis
1638 3868 1717 3907 mora
1727 3869 1794 3924 pro·

82 3946 144 4002 ⁶⁸²?
160 3946 232 4014 Quia
246 3943 313 4017 59⁸¹}
330 3945 440 4017 inquit,
453 3943 637 3999 mimium
653 3942 688 3999 Μ
699 3950 795 3998 ΜΨ·
811 3947 915 4013 Mur,
971 3951 1087 4026 photino
1101 3951 1211 4008 dictum
1223 3951 1379 4024 intelligas,
1396 3957 1468 4007 tuno
1483 3953 1662 4006 amatoribus
1676 3966 1796 4007 munera

88 4045 170 4115 qnod
188 4043 394 4114 interpretatur
408 4037 918 4112 diripens,plerisquescripturarum
971 4041 1115 4112 dederunt,
1131 4043 1250 4116 quando
1270 4040 1419 4097 christum
1434 4039 1538 4096 Filiam
1554 4040 1602 4097 tici
1624 4039 1797 4112 crocingen·

84 4130 161 4188 lacis
176 4133 337 4202 superbum
353 4129 504 4186 diabolum
530 4128 679 4201 significat
702 4133 734 4182 nt
761 4126 841 4184 illio:
873 4127 918 4186 l'ae
975 4136 1030 4198 tes,
1044 4132 1206 4188 barabbam
1223 4129 1307 4201 quasi
1335 4146 1385 4201 pro
1410 4144 1532 4185 munere
1555 4128 1613 4184 diei
1637 4127 1714 4199 isati,
1739 4144 1797 4185 uon

82 4225 183 4286 Assur,
198 4221 450 4293 uirpasurorismei
460 4225 487 4276 ci
495 4221 607 4276 baculus
616 4220 724 4290 ipse,in
739 4220 918 4290 monumep'ur
973 4220 1075 4291 utique
1091 4227 1159 4286 beo,
1175 4219 1225 4274 sed
1241 4217 1358 4274 diabolo
1373 4217 1544 4291 cunctisque
1560 4216 1695 4289 malignis
1711 4215 1799 4287 spiri·

80 4310 243 4381 indipnatio
258 4326 319 4367 mes
346 4310 471 4381 (lema).
500 4309 535 4365 Et
564 4316 629 4380 post
657 4324 769 4381 pauca:
803 4310 837 4365 Et
865 4310 918 4365 erit
974 4308 1054 4364 tibus
1070 4308 1239 4364 falsissimis
1255 4307 1629 4372 amatoribus,certissimis
1640 4302 1799 4377 deceptori·
1892 4365 1896 4371 ,

81 4418 146 4457 curn
162 4400 319 4472 impleverit
335 4401 465 4456 morinus
479 4405 583 4455 cuncto
597 4413 680 4469 opera
698 4412 747 4452 sua
773 4398 804 4454 in
829 4404 919 4455 oronte
976 4398 1030 4454 bus
1046 4402 1274 4463 reservaverant,
1290 4403 1319 4453 et
1342 4396 1378 4453 ob
1402 4397 1612 4452 destruendam
1637 4393 1795 4450 dominica

83 4491 152 4548 Sion
188 4497 216 4546 et
248 4489 279 4544 in
316 4490 502 4557 Hierusalem,
539 4487 656 4544 abduco
684 4502 767 4554 super
793 4474 1195 4557 practumllrasurrectionis
1207 4486 1358 4542 veritatem
1380 4483 1567 4540 mendacium
1594 4482 1795 4554 supradictum

83 4577 228 4648 nooman
241 4576 330 4634 cardis
345 4579 418 4646 repis
432 4578 527 4644 Assur,
550 4584 577 4632 et
589 4590 671 4646 super
697 4577 818 4648 pluriam
843 4576 911 4633 alti·
967 4575 1085 4647 copiosa
1096 4575 1220 4646 pecunia
1231 4570 1795 4646 militibusdataoompsravarunt.0uid

86 4667 194 4724 tudinis
207 4668 352 4724 oculorum
364 4673 427 4737 ejus
440 4666 538 4739 (abidi.
558 4666 631 4738 Ergo
645 4668 711 4738 puio
732 4666 788 4736 ipsi
815 4682 912 4722 ascen·
968 4664 1056 4720 laoiat
1071 4663 1214 4721 Dominus
1228 4680 1337 4736 onagro
1353 4662 1433 4732 haic,
1450 4661 1556 4734 populo
1573 4663 1650 4729 buic,
1664 4660 1713 4733 qui
1728 4660 1793 4716 tali·

81 4757 462 4827 deruntaddssur,idast‚
491 4757 563 4828 qnia
591 4772 655 4812 sesa
684 4757 715 4810 in
744 4756 912 4826 superbiam
969 4769 1011 4816 ter
1032 4759 1156 4832 elingit?
1180 4762 1246 4817 stc:
1272 4759 1351 4817 Nunc
1380 4759 1548 4831 corsprepaia
1573 4774 1627 4825 eas,
1656 4760 1796 4831 quiescent

84 4846 264 4914 extulerunt,
278 4847 321 4903 ita
336 4845 436 4902 attilii
451 4845 511 4901 siut
531 4848 634 4916 Assur,
665 4845 743 4901 sicut
771 4844 912 4902 Dominus
965 4850 1107 4922 paulisper
1120 4849 1154 4905 ai
1165 4865 1248 4906 onere
1261 4851 1336 4922 repis
1351 4854 1376 4906 et
1389 4849 1560 4922 principum.
1578 4849 1612 4905 tii
1622 4856 1794 4905 estsensus:

83 4941 147 4995 ait:
167 4939 214 4994 Vos
227 4949 354 5008 exparte
367 4936 475 4993 dioboli
497 4940 561 4993 estis
590 4936 679 5008 (loun.
705 4936 777 5005 vsu),
802 4935 911 4993 idcirco
967 4939 1110 5005 Quoniam
1127 4939 1183 5010 ipsi
1199 4937 1397 5012 effugerunta
1414 4955 1470 5006 me,
1487 4941 1670 5014 congregabo
1692 4953 1742 4993 eoa
1763 4936 1793 4992 in

81 5030 166 5101 pansi
175 5043 221 5083 cas
236 5026 410 5083 immundum
428 5026 496 5082 tacti
508 5032 578 5083 sunt
592 5029 623 5083 in
637 5025 808 5082 nationibus.
825 5025 910 5084 Com·
965 5027 1222 5085 obsidionametin
1233 5028 1461 5102 gladium,prius
1472 5014 1657 5103 Assyriorum
1669 5026 1792 5086 ethal·

81 5119 163 5189 pieta
176 5120 221 5172 est
236 5115 366 5189 igitnrat
381 5114 431 5171 illa
447 5116 535 5171 beata
549 5115 643 5171 tiaris
655 5112 910 5186 prophetismum
965 5117 1107 5186 deorum,
1122 5121 1152 5174 et
1166 5118 1271 5175 deinde
1284 5118 1494 5189 Romanorum,
1520 5126 1550 5175 at
1573 5119 1690 5187 deinde,
1714 5118 1793 5175 sicut

81 5206 177 5260 dixit:
195 5205 321 5275 Deposuit
333 5212 456 5277 potentes
470 5204 504 5260 de
516 5204 588 5272 sede,
603 5205 630 5259 ei
653 5203 789 5259 cursitavit
817 5202 910 5261 iorni·
965 5207 1102 5278 superius
1114 5207 1176 5279 jam
1192 5207 1264 5274 disi,
1279 5209 1373 5264 multis
1387 5207 1485 5263 diebus
1507 5207 1569 5265 sine
1593 5224 1655 5281 repe
1677 5212 1705 5264 et
1729 5209 1791 5264 siae

80 5295 130 5350 les.
161 5294 320 5350 Esurientes
347 5293 472 5363 implevit
500 5292 588 5360 tonis,
618 5296 645 5348 et
669 5291 768 5348 dicitas
804 5291 911 5351 dimisit
962 5297 1090 5368 principe
1113 5298 1249 5353 sedebunt
1274 5298 1347 5369 (ose.
1374 5299 1428 5370 sn).
1452 5302 1486 5353 Et
1509 5304 1579 5354 nota
1601 5298 1678 5373 qnod
1705 5296 1789 5362 dixit,
1840 5362 1843 5367 Ι

80 5386 182 5439 inanes
193 5383 269 5452 (Luc.
287 5383 330 5454 ιι).
340 5381 416 5446 Ouia
426 5380 561 5439 videlicet
571 5384 689 5452 propter
700 5379 869 5452 snperbiam
880 5386 910 5439 et
964 5384 1102 5457 quiescent
1115 5387 1270 5459 paulisper,
1282 5373 1353 5461 quia
1366 5387 1499 5444 videlicet
1513 5386 1597 5445 labor
1611 5389 1670 5444 iilis
1684 5391 1748 5442 crat
1760 5387 1791 5441 et

81 5473 211 5545 dispersi
226 5477 309 5545 sunt,
324 5470 452 5544 laetique
468 5469 704 5542 contemptibiles
718 5471 827 5544 ubsque
851 5475 909 5529 tar·
963 5476 1160 5549 grandsonns
1176 5476 1285 5535 habers
1310 5494 1393 5552 reges
1419 5482 1448 5536 st
1472 5478 1630 5551 principes,
1655 5473 1789 5549 qualium

80 5579 195 5631 rarum,
211 5566 240 5620 et
254 5564 359 5619 emensis
384 5566 471 5631 siurac,
497 5566 530 5618 ut
551 5561 614 5633 jam
638 5559 751 5616 dictum
775 5565 829 5629 est,
854 5577 908 5619 sion
966 5565 1106 5622 severitas
1122 5582 1264 5640 onagrum
1276 5566 1359 5625 illum
1389 5567 1425 5624 ad
1452 5582 1581 5638 praesepe
1604 5562 1722 5622 Domini
1745 5577 1791 5618 re·
