3826 6014
152 210 212 272 523
692 202 863 265 rursusi
886 195 1054 261 ausoris
1075 196 1308 261 'rdtttttrtsts
1802 202 1864 264 tot

148 353 227 411 suot,
237 343 471 411 ascenderantque
482 337 612 409 populiet
624 336 695 392 irati
705 341 780 398 aunt,
793 333 973 390 doloresolti·
988 335 1015 402 Α
1030 334 1106 385 etam
1123 347 1239 403 quoque
1252 330 1395 387 dicentem
1410 347 1417 388 ι
1432 334 1465 388 st
1480 333 1590 390 inimici
1603 335 1662 403 ciro
1686 337 1792 391 terram
1806 337 1864 392 tlu-

146 425 975 492 naeranttaoitororest‘tittstdttm,creanceontarontisunt
1029 425 1094 489 aaut
1116 421 1200 492 (Psoi.
1217 426 1302 491 arnt.
1320 420 1426 478 Varum
1452 439 1504 477 nac
1530 421 1636 479 saltam
1657 422 1739 495 illud,
1756 441 1863 486 secure

144 524 289 598 principes
304 520 531 590 &dommianus
546 519 620 574 llool
636 519 885 582 obtinendarum,
901 514 974 570 obri·
1029 510 1123 567 iacere
1152 514 1321 583 potuerunt.
1351 511 1489 583 Sequitur
1516 513 1611 569 euim:
1642 514 1717 569 Velut
1741 516 1856 586 reptilia

146 621 266 684 querunt
284 625 376 667 omnes
391 608 563 665 habitatores
580 608 714 664 Gdonoon
737 605 834 678 (Exod.
852 606 918 676 avt:
934 603 975 658 ita
1027 607 1111 656 terrae
1122 601 1397 671 perturbabuntarde
1409 599 1590 669 aedidussuis,
1606 603 1784 660 subauditur
1795 610 1856 663 tom

146 706 262 776 pastore
273 707 330 757 roto
346 703 481 772 pascente
492 695 632 769 populum
645 712 742 761 suurn,
755 710 873 768 grsgem
886 692 975 748 hera·
1027 688 1151 761 gentiles
1166 705 1252 760 quam
1267 689 1372 745 dodosi.
1400 690 1472 746 Nam
1486 696 1514 747 et
1529 691 1620 747 Judoi
1647 692 1681 747 de
1697 694 1815 750 civitate
1832 694 1861 750 et

146 791 245 848 ditatis
260 806 331 856 sum,
348 805 399 861 pro
413 804 469 859 quo
483 786 556 844 mori
572 788 767 859 dignatusest
782 789 811 841 et
823 799 911 856 quem
923 798 973 837 oo·
1028 777 1136 849 templo
1153 778 1324 848 perturbati,
1347 781 1424 851 quod
1441 784 1504 835 erat
1518 780 1547 835 in
1568 780 1789 855 Hierosolymis,
1806 799 1861 856 por

145 871 973 954 quisivitsanguioesuo,dumostenderetmirubiliaquae
1026 869 1856 942 omnestarrassuntdispersi,etgentilosdeionissuis

144 987 196 1043 per
206 968 352 1042 apostolos
364 972 393 1023 et
406 971 548 1039 martyres
559 966 622 1036 ojus
636 964 711 1021 luctu
722 969 792 1020 suot
802 962 972 1018 innumera·
1027 972 1060 1011 tc
1073 955 1215 1024 delubris,
1232 957 1262 1011 in
1279 959 1386 1028 quibus
1401 959 1608 1016 sacrificabant
1623 962 1787 1018 domaniis.
1805 962 1856 1018 Ni·

144 1060 225 1130 bilia,
240 1059 470 1128 videruntqentes
485 1055 651 1127 algentium
667 1054 871 1124 imperatores,
888 1050 969 1105 vido·
1028 1045 1137 1101 mirum
1154 1052 1183 1102 et
1197 1047 1252 1104 hoo
1266 1047 1350 1119 jacto
1367 1049 1430 1104 illos
1453 1049 1510 1105 dies
1527 1049 1659 1122 autiquae
1675 1053 1784 1108 lactum
1801 1059 1859 1120 est,

145 1153 215 1203 runt
229 1147 322 1204 Judoi
347 1150 432 1215 atque
454 1144 588 1216 gentiles,
606 1146 634 1197 et
648 1141 763 1198 confusi
786 1143 857 1196 sunt
882 1154 971 1210 super
1025 1138 1145 1209 quando
1161 1139 1196 1192 od
1208 1137 1374 1207 ingressum
1391 1139 1517 1197 filiorum
1533 1141 1621 1198 lsrael
1632 1145 1857 1214 gontcschena·

145 1239 224 1295 omni
241 1235 411 1293 tortitudine
434 1250 497 1300 suu,
514 1233 584 1305 quia
599 1231 733 1288 videlieet
747 1231 888 1287 tortitudo
903 1228 970 1285 illo·
1024 1242 1165 1289 nieorum,
1182 1234 1284 1299 gentes
1309 1229 1465 1286 immundae
1487 1228 1564 1286 velut
1582 1232 1709 1302 reptilia,
1723 1233 1759 1290 de
1774 1241 1852 1290 terra

143 1327 820 1404 rumquaputabaturmagnalegibusetarmts
836 1326 967 1393 suffulta,
1025 1313 1075 1371 illo
1091 1318 1264 1388 perturbata
1275 1324 1352 1374 sunt.
1368 1319 1569 1376 Novissimum
1583 1323 1783 1391 quoddiotom
1798 1334 1856 1392 est,

144 1440 200 1479 „00
217 1427 328 1496 polemi
342 1435 474 1475 efficere
500 1419 620 1474 virtutes
636 1434 708 1486 qua,
724 1417 847 1473 faciebat
863 1417 893 1471 qn
916 1430 968 1487 po.
1021 1405 1169 1462 Domitiam
1183 1407 1267 1462 Deum
1283 1418 1408 1464 nostrum
1422 1410 1651 1480 formidabuntct
1663 1413 1800 1468 lirnelunt
1816 1420 1857 1482 te,

143 1511 210 1586 pulo
226 1509 269 1567 vol
286 1525 372 1582 grege
383 1525 436 1563 suo
450 1513 549 1579 postor
561 1507 655 1562 bonus
667 1507 696 1561 in
713 1507 865 1578 virgosus,
878 1505 906 1560 in
921 1520 969 1575 po·
1023 1494 1212 1562 flubfludlffll'»
1229 1512 1245 1550 ⁰
1268 1496 1393 1553 Chllsslfl·
1418 1498 1545 1570 Repente
1570 1516 1697 1572 namque
1717 1502 1753 1557 id
1770 1502 1851 1559 illim

142 1600 235 1657 tentia
248 1615 312 1663 sua,
323 1613 372 1670 per
384 1597 515 1651 infirmos
526 1601 555 1651 et
568 1596 808 1667 contemptibiles
820 1594 966 1659 hominos,
1021 1593 1242 1652 conversionem
1260 1597 1327 1651 iecit
1342 1613 1407 1653 cum
1425 1599 1586 1669 gratiarum
1612 1600 1726 1656 actione
1742 1605 1801 1657 tarn
1818 1603 1856 1660 de

143 1704 200 1746 nou
217 1688 311 1744 solum
329 1703 380 1758 per
403 1685 574 1758 grandaevas
590 1701 742 1757 personas,
759 1685 808 1741 ssd
825 1699 899 1755 eope
918 1699 968 1755 por
985 1681 1284 1779 Binoredullsquom
1296 1687 1529 1743 decredentibus
1544 1688 1751 1761 Judaeisutque
1765 1692 1857 1763 genti·

142 1794 249 1851 pucros
274 1780 360 1845 atque
383 1773 503 1845 puellas.
529 1774 772 1830 contundebatur
796 1789 865 1845 ergo
887 1788 970 1843 super
1027 1772 1089 1839 bus,
1108 1779 1183 1830 recte
1199 1781 1293 1846 potest
1308 1776 1442 1848 intelligi,
1458 1778 1593 1834 videlicet
1608 1782 1771 1836 secundum
1788 1798 1853 1837 ms·

39 1929 42 1933 ,
143 1869 219 1925 omni
232 1865 398 1936 tortitudine
413 1880 473 1931 suo,
490 1881 554 1935 qua
571 1863 758 1919 solummodo
777 1866 891 1935 poterat
903 1867 969 1917 tau·
1025 1876 1112 1932 gnum
1127 1864 1299 1921 distantium
1310 1867 1475 1923 formidinis
1488 1870 1546 1924 sive
1558 1870 1682 1926 timoris.
1693 1871 1802 1927 Numot
1813 1872 1856 1927 in·

144 1972 212 2030 gera
228 1972 298 2012 vasa
314 1954 425 2015 fictilia,
437 1954 606 2009 thesaurum
620 1970 677 2009 noo
691 1952 790 2007 valens
807 1951 906 2007 tollere
921 1951 970 2020 qul
1025 1952 1657 2028 creduliaccusanteoonseientiaformidant,
1667 1960 1855 2031 quidemsed

120 2049 173 2127 ain
190 2045 249 2102 illia
263 2050 335 2102 erat.
352 2043 427 2110 Quid
444 2050 541 2098 autem
557 2042 653 2098 dicam
664 2041 841 2114 degentium
852 2056 969 2096 aarum·
1025 2038 1435 2115 luutiliter,quemodmodum
1448 2047 1607 2115 daemones,
1619 2048 1696 2104 sicut
1709 2051 1853 2123 scriptum

42 2140 45 2145 '
145 2133 970 2207 ilemsapientiaiNihilominusetsuperoacooiusrosunt·
1024 2134 1086 2185 est:
1102 2131 1134 2186 Et
1153 2131 1286 2189 &moues
1310 2135 1426 2190 credunt
1439 2139 1463 2192 el
1484 2140 1696 2194 contremiscunt
1715 2140 1786 2205 (loo.
1807 2139 1852 2210 ιι),

145 2229 205 2282 Hoo
220 2231 261 2280 031
278 2225 354 2297 quod
373 2224 505 2296 protinus
521 2221 579 2276 ait:
597 2223 700 2277 Panem
716 2237 817 2276 monos
831 2234 913 2292 super
929 2234 968 2274 os.
1025 2219 1136 2274 creduli
1147 2227 1243 2278 autem
1259 2227 1288 2278 et
1302 2222 1343 2295 pii
1354 2224 1460 2280 timont
1472 2224 1536 2280 utili
1553 2225 1669 2297 timore,
1683 2227 1733 2299 qui
1745 2229 1857 2284 astini·

144 2320 218 2370 Nam
235 2316 265 2369 in
281 2313 499 2384 comparatione
520 2310 646 2367 colestia
663 2311 822 2380 sapientiae,
839 2326 904 2382 quos
920 2326 970 2381 per
1025 2306 1100 2363 tium
1117 2310 1278 2381 sapientire.
1290 2314 1428 2385 Sequitur
1442 2330 1449 2370 ε
1466 2313 1532 2383 Quis
1543 2315 1724 2372 Dcussimilio
1737 2321 1790 2384 tui,
1802 2321 1855 2390 qui

9 2396 11 2401 ’
28 2438 31 2443 -
142 2403 312 2460 llloslooota
320 2408 375 2468 est,
386 2413 413 2457 et
425 2402 543 2473 linguas
554 2399 728 2456 eorumlecit
741 2401 877 2468 disertas,
888 2403 970 2454 muta
1023 2401 1120 2469 aufero
1135 2401 1323 2472 iniquitatem.
1339 2407 1367 2458 et
1382 2406 1485 2459 transis
1500 2414 1644 2475 peceatum
1659 2405 1854 2480 reliquiorum

143 2494 198 2549 init
208 2499 237 2549 et
247 2501 289 2548 est
303 2492 400 2547 omnis
412 2491 562 2546 saecularis
572 2488 749 2561 eloquentia,
763 2488 901 2560 ponitque
913 2505 970 2544 mu·
1024 2487 1195 2545 loraditotis
1206 2501 1263 2549 tuoe
1275 2492 1288 2546 'l
1299 2492 1355 2547 lino
1366 2493 1396 2549 io
1411 2493 1526 2549 laudem
1537 2501 1565 2550 et
1576 2496 1797 2552 admirationem
1810 2498 1856 2554 di·

141 2599 209 2639 uum
225 2598 314 2651 super
328 2598 361 2636 os
375 2596 462 2636 suum
473 2585 634 2635 convictam
651 2585 680 2634 et
695 2579 847 2634 contusum
864 2594 969 2634 ecesse
1023 2578 1306 2637 oituretdioendum
1317 2588 1372 2650 est,
1389 2583 1569 2639 inexhausta
1580 2584 1677 2656 gratio
1693 2601 1757 2657 qua
1774 2603 1852 2641 nuo·

139 2678 256 2731 suomet
272 2678 384 2728 testans
396 2670 525 2727 silentio.
538 2672 569 2724 Et
583 2670 637 2725 hoo
650 2669 787 2724 nimirum
804 2670 971 2724 factumest
1023 2685 1111 2741 quam
1125 2671 1273 2743 fatigetur,
1287 2674 1475 2744 suscipiendo
1486 2678 1520 2731 ad
1538 2693 1735 2733 seconversos
1745 2695 1850 2748 quem·

36 2800 40 2805 ·
138 2775 291 2828 sectandum
301 2771 362 2827 iilos
372 2769 430 2825 dies
442 2770 582 2840 antiquos,
593 2767 653 2822 dier
664 2764 827 2838 eqrcssioaia
841 2766 873 2820 oe
884 2767 968 2836 AEqy·
1023 2757 1094 2814 libel
1106 2758 1230 2816 mullum
1244 2764 1436 2834 peccaverint,
1449 2765 1647 2836 quamlibeiin
1660 2768 1787 2838 peccaliss
1798 2768 1852 2824 diu

138 2872 191 2934 pto.
202 2861 369 2916 'l'unoenim
381 2859 495 2913 dicente
506 2862 585 2913 Mosa
598 2873 604 2910 :
631 2857 760 2924 Obsecro,
774 2855 896 2920 Domine,
910 2870 966 2910 noo
1023 2859 1442 2928 perseveraverintr.tuturum
1454 2863 1531 2918 enim
1544 2870 1588 2919 ost
1600 2869 1632 2918 ot
1641 2880 1736 2921 omnis
1748 2866 1852 2938 lsrael,

136 2969 197 3007 oum
211 2951 348 3023 eloquens,
364 2949 398 3003 ol
409 2949 505 3002 deriet
520 2945 721 3000 aridiustvrtiao
737 2945 924 3013 impeditioris
939 2948 965 2999 ct
1021 2944 1050 3000 in
1067 2961 1125 3017 quo
1141 2963 1220 3003 nuno
1236 2951 1349 3004 nocitos
1364 2950 1504 3022 contigit,
1522 2953 1620 3008 solvus
1635 2952 1683 3019 sit,
1701 2969 1768 3009 cum
1786 2953 1850 3026 ple·

137 3042 267 3097 inertioris
282 3042 387 3110 linquar
408 3054 478 3092 sam.
496 3039 577 3108 Quis.
593 3035 684 3106 inquit
700 3033 843 3099 caminus,
857 3036 921 3101 sccii
936 3050 965 3090 oa
1021 3035 1123 3090 nitudo
1134 3038 1266 3108 gentium
1279 3039 1423 3095 introierit
1435 3042 1523 3109 (dom.
1536 3043 1586 3104 xri.
1600 3049 1641 3098 Da
1655 3042 1709 3100 hoc
1720 3045 1852 3114 gratulo-

136 3132 313 3186 liomioisout
338 3130 400 3198 quis
411 3127 564 3195 (utriculos
576 3128 615 3179 esi
629 3140 658 3178 os
669 3123 785 3179 surdum
799 3134 824 3178 et
840 3127 962 3193 mulum,
1021 3123 1157 3181 bundus:
1175 3128 1249 3195 Quis,
1268 3129 1372 3199 inquit,
1388 3131 1459 3186 Deus
1480 3134 1583 3187 similis
1595 3134 1638 3187 lui
1648 3131 1661 3186 ‘l
1678 3137 1741 3187 Non
1766 3134 1848 3190 snim

136 3220 308 3286 ironncrqo?
323 3213 419 3287 (droti.
436 3214 486 3284 ιν.)
502 3218 537 3268 ot
553 3228 668 3268 rursum
685 3228 753 3267 oum
769 3213 877 3267 diceret
893 3212 963 3269 ille:
1020 3213 1180 3283 subiunxit,
1197 3219 1246 3288 qui
1256 3219 1323 3287 (ecit
1334 3219 1431 3274 colum
1445 3226 1594 3287 suerrum,
1610 3226 1636 3276 et
1648 3238 1733 3281 more.
1749 3229 1776 3277 ct
1792 3239 1852 3279 om·

137 3309 177 3362 En
193 3307 404 3360 incircumcisae
416 3304 497 3358 loliis
512 3318 565 3375 eqo
579 3318 650 3372 suoi,
666 3303 801 3375 quomodo
812 3300 906 3355 audiet
921 3317 964 3357 me
1017 3303 1066 3356 nin
1078 3319 1140 3373 quer
1162 3307 1325 3363 ineassum
1340 3310 1428 3378 (t‘rol.
1445 3309 1536 3382 cxcv).
1552 3311 1596 3366 vel
1610 3311 1660 3382 qai
1672 3311 1796 3367 eduxisti
1811 3311 1850 3382 ti·

135 3399 246 3454 Plorao
262 3398 361 3466 (dario.
383 3393 445 3465 viti
460 3395 537 3458 doce,
564 3392 670 3462 inquit,
695 3392 964 3448 transistrianorum
1017 3391 1068 3447 lios
1080 3392 1170 3449 lornei
1185 3397 1220 3450 dc
1244 3405 1316 3452 terro
1336 3399 1450 3470 AEqypti
1473 3401 1575 3469 (liceri.
1593 3408 1655 3470 xrs),
1683 3402 1759 3471 quod
1785 3402 1850 3471 jum

134 3488 299 3556 Pharaonis,
315 3490 340 3542 et
353 3485 444 3541 Aaron
467 3485 555 3552 irater
578 3491 642 3538 tout
664 3484 717 3538 erit
744 3483 877 3554 pronitate
896 3491 962 3537 taus
1017 3481 1192 3550 factumest,
1215 3486 1265 3539 ssd
1286 3488 1334 3558 qui
1359 3490 1462 3559 ausas,
1480 3487 1588 3558 inquit,
1614 3489 1804 3561 imquitatem,
1820 3500 1854 3548 et

134 3579 233 3651 (daed.
246 3577 307 3649 vn).
319 3575 401 3640 Quod
415 3572 520 3631 deinde
530 3574 674 3643 sequitur,
687 3587 768 3628 aures
782 3587 878 3628 eorum
894 3588 961 3627 sur·
1017 3572 1121 3627 transis
1133 3578 1276 3643 peccatum
1285 3576 1473 3648 reliquiorum
1488 3577 1664 3635 taereditotie
1678 3588 1745 3648 tuae,
1763 3580 1844 3650 quod

132 3677 174 3734 ,1ae
185 3684 275 3742 mm,
293 3681 352 3731 qam
364 3675 400 3731 g„
407 3672 516 3729 Judaeqg
528 3670 702 3743 intelligitur
715 3686 806 3742 quam
815 3670 851 3726 de
861 3670 960 3742 genii.
1016 3660 1209 3721 luturumest.
1219 3664 1339 3723 Nechoo
1349 3666 1446 3724 taliter
1459 3668 1568 3725 dixisse
1580 3675 1745 3737 contentus,
1758 3674 1849 3740 quasi

26 3732 29 3793 s
133 3767 189 3824 bus
203 3765 375 3835 incredulis,
400 3763 525 3819 maxime
541 3767 639 3818 autem
656 3761 691 3816 de
710 3760 821 3816 ludaeis
834 3776 959 3831 quorum
1014 3766 1169 3821 quereres,
1186 3755 1221 3809 ed
1238 3753 1309 3826 quid
1325 3755 1440 3812 dixerit.
1453 3757 1593 3830 Sequitur
1605 3758 1849 3814 adhuoetdieits

133 3872 220 3913 aures
239 3853 442 3912 detestabilius
465 3851 560 3908 surda
585 3851 725 3906 dicuntur
749 3858 776 3904 et
792 3853 873 3916 sunt,
890 3849 960 3919 qnia
1012 3840 1073 3897 Non
1086 3845 1177 3898 mittet
1194 3844 1268 3898 ultro
1281 3846 1408 3913 sororem
1432 3862 1513 3902 suurn
1528 3849 1660 3919 quonium
1674 3849 1767 3903 uolens
1783 3849 1839 3904 rui·

132 3949 215 4021 prius
231 3946 289 4003 illia
305 3951 350 4002 ast
365 3943 587 4011 annuntiatum,
603 3944 632 3997 et
648 3938 740 4011 legem
757 3941 785 3994 et
801 3939 958 4011 prophetas
1011 3930 1191 3987 ocricordiom
1204 3936 1254 3988 est.
1270 3933 1464 3991 Revertaturet
1479 3935 1660 3993 miserebitur
1670 3938 1770 3992 nostri.
1791 3942 1850 3994 Do·

133 4040 316 4107 aeceperunt.
346 4032 551 4102 spoliaverunt
566 4031 646 4086 enlm
667 4044 753 4084 aures
769 4043 838 4083 suas
853 4028 956 4084 auditu
1011 4034 1093 4101 ponet
1105 4030 1271 4103 iniquitates
1295 4038 1415 4105 nostros,
1431 4039 1459 4090 et
1479 4036 1608 4108 projiciet
1623 4039 1653 4092 in
1666 4036 1842 4108 protundum

133 4126 218 4191 bono,
235 4127 263 4178 et
278 4122 332 4178 hoe
357 4124 506 4177 secundum
529 4119 636 4177 eosdem
658 4117 716 4173 dies
739 4119 879 4188 antiquos,
900 4117 959 4174 dier
1013 4121 1098 4174 moris
1113 4123 1208 4175 omnio
1222 4129 1331 4195 pacato
1354 4128 1458 4180 nostro.
1482 4124 1547 4181 ileo
1573 4142 1689 4198 quoque
1705 4135 1735 4182 ut
1750 4142 1844 4198 supe·

130 4211 294 4285 aqi-castonis
308 4211 344 4266 de
356 4213 487 4282 AEqypto,
498 4209 615 4281 quando
627 4209 770 4263 tueleruat
779 4208 891 4263 inaures
904 4224 957 4263 uu·
1011 4207 1088 4263 riora
1103 4208 1250 4276 dicuutur,
1261 4215 1290 4269 et
1299 4211 1374 4268 ssunt
1382 4217 1471 4285 juxta
1481 4215 1538 4270 dica
1548 4217 1676 4287 antiquos
1687 4216 1842 4272 secundum

130 4319 191 4358 reos
203 4302 237 4358 de
251 4317 371 4356 urorum
386 4299 598 4370 filiorumqaeet
612 4298 735 4367 filioram
749 4312 865 4352 suorum
877 4297 955 4352 curi·
1011 4295 1071 4351 dies
1085 4296 1252 4366 egressionis
1265 4298 1298 4354 da
1312 4302 1437 4373 AEqqpto.
1455 4301 1527 4358 Nom
1544 4303 1573 4357 in
1589 4303 1648 4358 illis
1664 4303 1768 4358 diebos
1784 4318 1843 4358 an-

131 4392 398 4458 benedictinorum
420 4405 469 4444 eor
483 4389 520 4442 od
542 4392 643 4451 Aaron,
667 4389 846 4458 socerumque
865 4402 900 4442 ex
913 4385 955 4442 eis
1010 4384 1112 4454 liquis,
1129 4386 1158 4440 in
1175 4384 1224 4442 illa
1238 4388 1405 4460 egressione
1421 4392 1456 4446 de
1471 4392 1708 4464 tltgypto,videlo
1722 4391 1843 4461 conqui-

130 4485 250 4539 uz'tulum
277 4481 445 4551 confinalem
472 4483 497 4535 ct
524 4477 708 4533 odoraverunt
736 4476 831 4545 (Enati
852 4478 951 4548 xxxii)-
968 4463 1081 4542 linem,
1107 4478 1133 4530 et
1155 4478 1276 4532 transito
1303 4494 1368 4546 oon
1384 4495 1436 4536 uec
1459 4483 1512 4536 orit
1537 4483 1568 4536 in
1589 4482 1662 4536 uotis
1685 4481 1767 4552 ploqo
1792 4479 1845 4535 oi-

129 4567 201 4626 Nam
217 4573 245 4625 et
261 4574 378 4641 propter
394 4571 496 4623 caetera
511 4568 639 4637 peccata,
650 4567 679 4618 st
694 4563 820 4619 maxime
835 4569 954 4637 propter
1006 4561 1145 4632 sperdeos,
1168 4566 1277 4635 quondo
1300 4583 1459 4638 percussero
1480 4572 1586 4626 terram
1610 4572 1723 4642 AEqqpit
1743 4568 1842 4641 (ibid.)

129 4656 213 4724 illud,
237 4672 314 4713 nune
330 4672 414 4713 aures
429 4671 530 4711 eorum
546 4653 641 4708 surdas
663 4657 743 4721 sunt,
763 4652 877 4708 dicente
893 4652 952 4708 Do·
1007 4651 1842 4729 &cundumillumsimilitudiocmjudieaturosDominus

130 4747 211 4803 mino
224 4763 231 4803 ε
247 4749 300 4819 ligo
315 4746 452 4802 autemid
467 4743 511 4799 dic
525 4744 640 4799 ultionis
652 4741 768 4798 visitabo
781 4744 808 4796 ei
822 4740 874 4797 icoc
884 4757 951 4812 pec·
1006 4738 1235 4799 hunomonduro
1246 4746 1557 4820 promittitsignasua,
1567 4747 1841 4820 utroliquialsreel

129 4848 222 4894 aarum
236 4853 332 4893 eorum
346 4833 414 4906 (ttici
428 4834 446 4905 )·
463 4834 546 4889 'luno
566 4848 651 4887 aures
667 4847 737 4887 ⁸⁰⁸³
752 4829 952 4903 spoliaverunt
1005 4838 1091 4896 salvo
1106 4841 1226 4907 dant-et
1240 4844 1377 4902 transibit
1392 4851 1544 4920 peccatum
1558 4862 1672 4914 eorum,
1690 4862 1725 4902 ne
1741 4846 1838 4903 simul

128 4942 199 4981 euro
227 4926 263 4981 ad
289 4924 428 4995 injurium
458 4923 517 4988 Dei,
545 4937 623 4978 nuno
648 4935 733 4976 sures
755 4935 855 4976 eorum
881 4936 951 4992 θρο-
1005 4945 1073 4987 oum
1090 4931 1401 4991 mondodamnsntur.
1422 4935 1839 4994 l'olenoenimcstmisericer·

126 5011 202 5068 lietu
232 5017 303 5068 sunl
330 5012 495 5068 obedientis
520 5009 584 5068 Filii
611 5010 671 5065 ⁰0³·
698 5008 807 5066 99ῑῦἅο
833 5007 949 5079 lilim,
1004 5019 1836 5101 dicm,etidoircoprredicareuondesinitpoeniteotiam.

126 5100 177 5170 fill,
205 5103 344 5174 pulverem
370 5102 441 5158 iiiii
464 5117 586 5172 Sillim,
612 5098 640 5155 ld
670 5103 715 5155 ⁰⁵2
741 5103 855 5155 ῑθῑῑθῠῑ
882 5103 948 5156 2⁸¹1·
1003 5111 1096 5176 Ouum
1112 5126 1180 5167 corn
1194 5117 1385 5186 susceperint,
1399 5132 1453 5173 non
1471 5118 1614 5186 immittet,
1631 5118 1682 5185 ait,
1700 5118 1777 5173 altra
1791 5120 1839 5186 su-

124 5195 189 5248 tum
206 5190 335 5263 cupient,
361 5191 523 5249 secundum
539 5190 619 5247 illum
645 5189 872 5246 similitudinem
888 5205 948 5248 ser·
1003 5201 1416 5271 rommauom,subauditurut
1428 5205 1839 5272 haetenusieeiteacoocondo

124 5283 231 5355 pontis,
248 5298 307 5353 qua
322 5281 433 5337 dictum
450 5284 495 5336 est
509 5278 552 5335 illi
565 5294 572 5336 :
587 5279 707 5335 Terram
723 5280 858 5337 comedes
873 5295 948 5339 eun·
1001 5299 1050 5341 cor
1062 5285 1160 5356 populi
1174 5286 1267 5359 hujus,
1284 5297 1311 5345 et
1322 5291 1500 5360 oqqrnnoedo
1522 5308 1604 5348 neres
1620 5294 1692 5363 ejus,
1708 5297 1734 5349 et
1748 5292 1835 5349 clou-

123 5371 179 5429 otis
194 5371 298 5427 diebus
320 5370 384 5426 vitea
408 5375 467 5426 tuae
481 5368 556 5439 (Gon.
573 5368 627 5436 ιιι).
649 5368 703 5425 Per
720 5370 852 5437 verbum,
869 5372 947 5442 quod
999 5373 1085 5431 dando
1100 5375 1191 5432 mulos
1203 5379 1261 5449 ejus
1277 5394 1312 5435 nc
1325 5381 1396 5448 sorte
1408 5378 1500 5437 rideat
1514 5381 1602 5437 oculis
1617 5384 1686 5448 sau,
1702 5388 1730 5436 et
1741 5382 1834 5438 oum-

123 5469 165 5517 est
182 5461 297 5532 lingent,
315 5459 436 5516 nimiam
455 5458 602 5530 nimisque
621 5473 742 5528 pronam
764 5456 883 5529 pulchre
898 5479 949 5518 ex·
1004 5464 1055 5520 tus
1073 5465 1256 5539 eaieoudiot,
1271 5473 1299 5524 et
1312 5469 1392 5525 corde
1404 5471 1607 5544 owiratelliqot
1620 5476 1646 5529 el
1659 5476 1840 5529 mamintus·

123 5550 225 5624 primii
238 5551 314 5607 22⁰
326 5553 507 5605 terrenarum
520 5546 812 5620 cupiditatem,J'uxte
823 5547 947 5607 Psalmi·
1000 5553 1066 5626 (ion.
1080 5556 1130 5626 vr).
1149 5554 1221 5613 Item
1237 5556 1268 5614 io
1279 5557 1339 5616 illis
1351 5557 1456 5616 diebos
1468 5562 1643 5634 egressionis
1653 5562 1689 5620 de
1702 5565 1826 5636 digypto
