3826 6014
1698 198 1776 260 rou
1878 154 1883 163 ’

74 191 147 253 retr
748 192 953 256 ΟΟΜΜΕΝΤ.
976 193 1017 254 ΙΝ
1039 193 1122 254 JOB.

68 348 175 417 terent,
193 344 263 402 ioris
279 347 314 403 ud
331 349 526 422 appetendum
542 348 694 406 exterioris
715 347 814 423 glotis
830 364 896 423 spe·
910 350 938 417 Α
951 345 982 403 id
997 350 1052 415 est,
1068 347 1150 403 tenta
1160 349 1231 403 tono
1246 347 1330 420 signu
1342 348 1527 417 monstrubit,
1540 355 1659 423 temque
1674 353 1777 411 erude-

70 434 157 491 ciem.
948 436 987 493 lin
999 440 1095 504 lactet,
1111 443 1143 494 ut
1156 444 1293 510 stupeant
1307 455 1382 511 quos
1398 438 1427 494 in
1444 440 1502 495 flue
1519 443 1617 496 mundi
1634 443 1771 514 inveniet,

112 526 199 581 Vens.
226 524 268 583 13.
294 555 329 567 -
353 548 368 577 ιι
396 526 518 586 Devoret
543 528 794 602 pulchritudinem
818 528 895 585 cutis
950 533 1006 584 «et
1021 529 1172 600 primos·
1199 528 1312 585 scilicet
1336 528 1432 584 Enoch
1448 534 1477 583 et
1494 529 1597 598 lilium,
1614 553 1628 581 ιι
1655 531 1772 590 invadet

68 612 145 685 elus,
163 637 177 664 ιι
194 615 222 671 id
240 620 295 684 sel,
307 616 429 688 gloriern
441 619 710 692 ternporelemquro
725 625 786 674 tote
801 619 830 674 in
843 635 894 674 cu·
948 616 1060 686 horror,
1078 639 1092 667 ιι
1108 619 1178 690 quin
1195 617 1325 673 videlicet
1337 620 1463 675 nerontis
1479 622 1582 677 mortis
1598 639 1648 680 eos
1673 623 1771 681 dolore

68 707 108 775 te,
134 703 163 758 id
190 711 246 770 est,
270 708 454 762 extrinsecus
478 714 533 776 est,
560 725 617 780 quo
642 715 744 765 contre
769 709 893 764 dicitur:
947 707 1109 778 transfiget,
1126 707 1234 778 quibus
1259 708 1326 762 licet
1347 710 1513 767 eonstuotin
1537 710 1577 766 sit
1598 728 1632 767 ex
1652 714 1769 786 virtute,

68 815 83 844 ιι
95 793 198 848 Omnis
209 793 303 866 glorie
316 796 459 866 ejus,illiae
472 797 548 868 regis
559 798 595 852 ob
606 799 892 870 intus(Prnt.xnrv),r
947 811 1037 868 pevor
1051 799 1105 851 erit
1121 813 1155 851 ex
1170 812 1268 853 cerne.

73 890 124 939 «el
139 889 294 940 consumet
310 885 440 951 brechio,
454 909 467 937 ιι
485 887 513 941 id
530 893 586 954 eet,
603 904 725 959 opertus
742 888 821 943 illius
838 889 894 960 pri·
983 885 1065 942 Vens.
1081 886 1125 940 21.
1140 916 1174 925 -
1191 887 1767 963 «Hecsuntergotnbernnculeiniqui,n

69 973 220 1046 mogenite
236 990 327 1044 more,
344 996 358 1024 ιι
369 974 396 1029 id
414 981 467 1045 rst,
481 976 710 1051 primogenitum
727 985 891 1049 peccatum,
945 972 1042 1043 idest,
1056 990 1113 1028 nnn
1129 972 1178 1029 ille
1193 990 1259 1046 quse
1277 990 1353 1030 nunc
1366 975 1467 1030 multis
1479 977 1670 1048 apparatibus
1681 980 1768 1036 tumi-

69 1061 204 1118 videlicet
220 1064 368 1135 superbie.
384 1064 457 1120 Nem
478 1082 544 1121 cum
562 1071 714 1139 peccatum
737 1068 776 1122 sit
802 1083 891 1136 mors,
945 1063 1001 1119 due
1016 1065 1170 1128 construit,
1182 1070 1210 1118 et
1225 1063 1254 1117 io
1267 1064 1375 1135 quibus
1387 1080 1492 1120 nornen
1505 1066 1604 1138 glorie
1617 1085 1678 1124 sues
1690 1086 1767 1126 nunc

66 1151 180 1207 scilicet
203 1152 319 1221 enimc,
336 1154 474 1227 superbia
488 1173 555 1212 vero
575 1156 704 1228 primum
727 1162 890 1229 peccntum,
944 1151 1085 1220 extendit,
1098 1153 1147 1207 sed
1160 1151 1207 1207 ille
1219 1168 1282 1223 quae
1294 1151 1431 1224 predicte
1444 1159 1514 1208 sunt
1527 1154 1621 1226 (sopra
1634 1158 1765 1232 verelb),

63 1240 138 1298 bene
151 1258 220 1315 ergo
231 1243 369 1315 superbia
384 1244 496 1300 dicitur
511 1244 706 1318 primogenito
721 1264 810 1303 more.
943 1239 1091 1311 inquibus
1102 1238 1266 1312 aspergitur
1277 1240 1444 1312 sulphur,et
1456 1242 1765 1315 hubitantsociiilliue,

100 1332 489 1389 Veneti-«Arellium
512 1335 548 1390 de
576 1335 766 1392 tabernaculo
795 1352 889 1403 suo,»
943 1329 1276 1402 quionnest,thaec»
1301 1329 1432 1402 inquom,
1449 1353 1463 1382 ιι
1492 1333 1765 1391 tubernaculesunt

64 1420 94 1476 id
107 1421 200 1487 est,de
211 1429 287 1477 terre
298 1421 327 1477 in
347 1439 405 1494 que
417 1422 582 1496 edtempus
594 1425 767 1494 militemus,
782 1447 796 1475 ιι
813 1424 889 1481 fidu·
943 1417 1049 1490 iniqui,
1062 1438 1077 1468 u
1094 1417 1206 1473 scilicet
1222 1419 1250 1472 in
1267 1418 1420 1490 suppliciis
1435 1421 1564 1490 aeternis,
1581 1443 1596 1472 ιι
1612 1427 1642 1478 et
1661 1422 1727 1493 iste,
1748 1446 1763 1474 n

65 1508 112 1567 cie
126 1511 203 1582 ejus,
219 1532 232 1560 ιι
257 1511 403 1579 videlicet,
417 1529 506 1585 quem
530 1513 561 1568 in
589 1514 771 1571 ebundnntie
790 1529 887 1571 rerum
943 1507 971 1563 id
987 1512 1042 1578 000,
1059 1507 1135 1576 1000,
1153 1529 1167 1558 «
1183 1514 1227 1562 000
1242 1506 1323 1563 00000
1339 1509 1413 1579 elus,
1430 1510 1479 1580 0οῑ
1497 1509 1611 1582 ignoret
1626 1511 1729 1585 Deum,
1747 1534 1763 1565 »²

66 1597 276 1671 temporalium
292 1600 465 1670 habuerim«
480 1606 508 1657 et
520 1601 611 1658 calcet
622 1617 789 1675 supereum
804 1604 889 1676 quasi
941 1595 969 1651 id
986 1606 1040 1663 est,
1056 1613 1113 1652 non
1131 1596 1234 1669 probet
1249 1596 1354 1653 hebere
1369 1597 1399 1653 in
1416 1598 1529 1665 nolitis,
1546 1599 1597 1655 sed
1615 1600 1763 1659 extollitur

64 1704 124 1754 rex,
141 1687 290 1755 interitus,
307 1689 424 1757 »idest
437 1695 589 1763 peccatum
606 1691 647 1748 vel
665 1692 729 1765 ipse
740 1691 886 1760 dlebolus,
940 1690 1043 1742 eontra
1057 1702 1136 1741 0000·

62 1776 210 1849 videlicet,
226 1777 297 1851 quis
311 1778 360 1836 hic
374 1779 458 1835 virus
481 1780 637 1852 premitur,
652 1787 681 1838 et
703 1781 807 1838 mortis
827 1798 888 1839 eun
986 1778 1052 1831 000-
1068 1774 1137 1843 XIX,
1153 1791 1233 1831 0008.
1251 1776 1277 1844 1,
1299 1777 1325 1829 2·
1353 1807 1385 1818 -
1408 1799 1419 1826 ¹
1444 1776 1635 1849 Respondent
1660 1781 1760 1836 eutem

62 1873 194 1940 tompore
208 1884 259 1939 per
273 1869 327 1924 hoc
343 1871 422 1941 quod
436 1871 469 1926 qd
486 1869 665 1943 supplioium
681 1871 886 1944 rapitupqpote.
938 1864 993 1920 Job
1009 1863 1099 1919 dlxii:
1125 1863 1282 1936 Usqtlequo
1303 1864 1432 1936 affligitis
1454 1865 1583 1923 enimam
1609 1867 1757 1924 meantis

61 1959 129 2016 stati
147 1959 317 2017 daemonicae
332 1961 520 2034 subjugatur,
940 1951 1107 2008 Memoriter
1122 1952 1254 2008 tenende
1266 1959 1336 2008 sunt
1352 1954 1611 2027 utriusquepartis
1629 1957 1761 2015 intentio·

96 2049 186 2106 vm,
203 2051 247 2107 15,
262 2081 297 2093 ..
313 2073 324 2100 .
349 2051 487 2109 Habitent
503 2052 531 2108 in
554 2052 743 2110 tabernaculo
762 2053 855 2126 illius,
871 2077 886 2106 „
940 2058 1002 2110 ner,
1016 2058 1080 2113 quo
1095 2040 1231 2112 superios
1246 2042 1329 2097 dictae
1345 2049 1425 2107 sunt,
1441 2042 1573 2100 videlicet
1595 2046 1672 2118 quod
1687 2045 1760 2102 etni-

62 2137 91 2194 id
107 2144 164 2205 est,
181 2139 209 2195 in
224 2146 318 2197 mente
331 2143 395 2212 ejus
413 2159 462 2212 per
476 2141 667 2214 cogitationes
688 2144 886 2216 nequissimas
939 2146 1040 2186 corum
1058 2131 1132 2185 beati
1147 2130 1204 2186 lob
1219 2147 1252 2186 eo
1267 2134 1328 2186 tote
1343 2131 1477 2187 intendat
1491 2133 1662 2204 disputatio,
1680 2140 1711 2190 ut
1726 2150 1760 2190 ex

61 2237 279 2294 conversentur,
296 2247 310 2273 ι
334 2229 405 2286 ,οοῑῑ
422 2231 496 2301 ejus,
513 2231 564 2302 qui
588 2247 644 2287 non
667 2236 722 2297 031,
747 2247 760 2278 n
786 2232 815 2288 id
831 2241 884 2302 oq,
938 2217 1215 2291 quontitateilegotli
1228 2221 1759 2290 quantitateminillovelintconetere

60 2322 202 2386 ,postque
216 2318 323 2390 angeli,
341 2319 390 2391 qui
408 2319 477 2376 ,0011
494 2324 564 2376 gunt
584 2320 689 2391 ejus„
713 2321 763 2393 quq
787 2348 801 2376 ,
821 2322 883 2392 jam
937 2308 1109 2380 impleretis,
1125 2309 1220 2380 ipsius
1244 2318 1341 2363 nutem
1364 2309 1492 2365 del'ensio
1511 2327 1545 2366 eo
1569 2310 1759 2378 intendetur

60 2426 74 2456 ιι
91 2420 149 2460 non
166 2409 221 2475 eet,
238 2426 252 2454 ιι
263 2405 407 2474 videlicet,
419 2407 468 2478 qui
486 2423 630 2464 esumme
645 2410 773 2465 essentis
789 2426 884 2466 reces·
938 2413 995 2452 000
1012 2396 1107 2453 000000
1124 2414 1165 2464 00,
1182 2398 1232 2453 000
1249 2401 1278 2451 00
1293 2399 1578 2471 0000001000οὓιοοῑ
1593 2399 1623 2454 in
1639 2399 1694 2456 000
1709 2417 1759 2457 00·

58 2491 108 2564 sit,
125 2498 153 2548 ct
167 2492 252 2567 quusi
268 2494 304 2550 ed
320 2512 378 2550 oon
400 2512 464 2552 csse
479 2496 584 2562 tendit,
600 2495 670 2568 quie
693 2497 783 2554 semel
800 2499 837 2555 nb
850 2515 883 2555 eo
937 2484 1002 2541 0000
1015 2485 1208 2558 008000000οι
1226 2487 1261 2541 00
1277 2485 1446 2557 0010000000
1461 2492 1565 2560 purget
1576 2488 1757 2561 000000000οι

58 2583 109 2655 qui
125 2599 192 2640 vere
206 2589 251 2639 est
272 2585 386 2640 cecidit.
405 2586 611 2658 respergatur
637 2586 666 2640 in
692 2587 882 2644 tabernaculo
936 2575 1080 2645 0000000,
1096 2578 1268 2648 0οι000000
1285 2577 1408 2633 0000000
1423 2580 1691 2649 0000000000000
1705 2597 1757 2654 000

58 2673 123 2744 ejus
148 2671 314 2746 sulphur,»
340 2674 367 2729 id
394 2679 447 2746 est,
465 2676 493 2730 in
519 2680 617 2732 mente
639 2677 705 2748 ejus
730 2684 881 2749 peccatum
936 2672 1063 2746 peccetis
1078 2675 1140 2730 suis
1155 2690 1189 2729 en
1209 2675 1268 2746 puli
1292 2675 1461 2731 credentur.
1487 2677 1554 2741 Oure
1579 2678 1756 2735 intentiones

58 2762 157 2820 curnis
174 2763 354 2832 dominetur,
370 2765 447 2836 quod
466 2770 591 2821 mentem
611 2766 791 2838 quibusdum
808 2768 881 2823 leto·
935 2763 993 2818 nisi
1008 2762 1086 2819 clere
1109 2763 1327 2831 discernuntur,
1353 2763 1472 2821 difficile
1492 2766 1678 2840 intelligitur,
1701 2767 1755 2825 boc

59 2853 143 2909 ribus
158 2852 274 2926 replens
299 2859 408 2910 aeternn
430 2863 572 2928 properat
596 2855 742 2924 incendis,
770 2860 799 2913 et
815 2857 881 2912 ideo
935 2854 1091 2925 precipue,
1105 2852 1184 2924 quod
1205 2869 1271 2909 mox
1286 2852 1419 2910 dicturus
1435 2859 1490 2909 est.
1507 2876 1521 2904 «
1546 2855 1650 2911 sellem
1677 2874 1755 2913 nuno

57 2940 132 2998 bene
147 2957 198 3015 per
213 2941 428 3014 sulphur,quod
445 2943 607 2999 lomentum
625 2943 702 3015 ignis
717 2947 772 3010 est,
788 2943 880 3017 signi·
934 2941 1088 3013 intelligite
1103 2943 1181 3013 qood
1201 2944 1276 2999 Dens
1298 2960 1355 2999 non
1378 2960 1461 3016 reque
1481 2943 1593 3015 judicio
1618 2945 1756 3004 eltiixerit

57 3032 173 3088 licetur.
935 3048 990 3097 me,
1021 3051 1034 3083 ι
1061 3035 1115 3088 etc.
1131 3033 1220 3102 (Infra
1241 3049 1310 3088 vers.
1326 3033 1365 3105 6.)
1391 3055 1405 3084 ιι
1432 3033 1620 3107 nsqueqm»
1648 3034 1753 3108 inquit,

92 3125 180 3179 viras.
198 3122 473 3179 46.-«1)εοιειιω
491 3123 603 3180 radices
615 3124 679 3196 elus
695 3124 876 3193 siccentur„
933 3143 948 3172 ιι
964 3120 1095 3193 affligitis
1111 3120 1240 3177 animem
1258 3138 1364 3190 meum,
1386 3142 1397 3167 ιι
1420 3122 1531 3179 scilicet
1555 3121 1701 3180 dolentem
1720 3141 1755 3182 ec

55 3215 112 3281 est,
127 3212 320 3285 cogitationes
335 3211 400 3283 ejus
415 3212 552 3269 deorsum
565 3213 675 3269 intimis
689 3213 878 3270 rebneiohe·
932 3209 1088 3267 sollicitem
1105 3225 1157 3282 pro
1172 3226 1206 3266 ec
1220 3211 1296 3281 quod
1310 3228 1387 3266 reem
1404 3211 1483 3267 illenr
1505 3215 1633 3269 statuere
1654 3212 1754 3285 vultis,

54 3306 153 3358 rentes
166 3301 356 3376 nequissimis
380 3302 542 3359 adunentur
556 3304 779 3375 tentationibus,
791 3322 803 3348 e
816 3321 881 3361 sur·

56 3397 276 3460 sumentem»
293 3391 321 3448 id
337 3396 424 3462 est,n
451 3409 578 3463 superno
598 3392 722 3466 judicio,
739 3413 752 3440 ι
774 3398 880 3450 attere·

56 3486 107 3537 tur
120 3481 226 3538 messis
238 3483 337 3553 ejos,=
356 3483 384 3537 id
400 3486 454 3549 est,
470 3483 625 3554 posthunc
641 3484 730 3539 rilem
743 3485 778 3539 ed
797 3484 880 3540 nulls

56 3570 171 3627 vivendi
186 3570 320 3627 subsidio
341 3572 551 3643 perducentur,
565 3572 624 3628 imo
646 3573 683 3628 ed
710 3588 878 3630 remunere-

55 3660 165 3717 tionem
178 3663 327 3732 justorum
344 3661 514 3733 rejicientur
528 3679 615 3733 opere
630 3664 704 3734 ejus.

90 3753 182 3806 Vens.
200 3751 242 3805 lt.
259 3780 293 3791 -
308 3768 321 3794 α
338 3750 477 3806 Memoris
493 3749 572 3807 illius
588 3757 687 3822 pereat
701 3752 737 3808 de
757 3755 843 3809 terre.
862 3773 877 3803 n

52 3844 190 3898 Letenter
203 3842 239 3897 nd
255 3846 344 3913 ceput
354 3840 487 3896 omniurn
500 3839 682 3913 iniquorum,
695 3842 807 3899 scilicet
818 3845 876 3899 An·

51 3930 233 3998 ticbristum,
249 3931 337 3986 verbe
351 3936 515 3988 vertuntur.
532 3948 546 3980 e
561 3932 712 3998 Memoria,
733 3956 745 3983 ι
768 3932 876 4005 inquit,

51 4042 66 4071 ιι
80 4019 171 4088 illius,
181 4042 195 4070 ιι
210 4019 239 4075 id
255 4021 378 4084 est,lnus
394 4025 514 4077 terrene
524 4022 692 4092 postestntie
703 4024 797 4093 ejus,«
810 4038 875 4095 per·

51 4110 143 4168 entdo
155 4116 241 4175 terre,
255 4133 269 4160 »
284 4111 419 4167 videlicet
435 4110 483 4166 ubi
499 4110 580 4167 illum
592 4113 747 4169 extendere
760 4114 874 4181 nititur,

50 4221 65 4251 ιι
81 4204 111 4256 et
126 4215 182 4256 nnn
199 4199 371 4269 celebretur,
389 4223 403 4251 ιι
419 4201 447 4257 id
465 4206 641 4270 est,non,ut
656 4201 720 4273 ipse
735 4203 872 4269 intendit,

48 4290 239 4364 glorificetur,
256 4311 271 4339 ιι
288 4306 393 4346 nornen
416 4292 480 4361 rjus
504 4291 533 4348 in
560 4293 664 4364 pluteis
683 4312 697 4343 >r
718 4291 748 4348 id
768 4302 823 4361 est,
841 4294 870 4349 in

46 4377 203 4434 letitudine
231 4379 345 4447 mundi,
361 4378 473 4450 pluteo,
489 4378 598 4452 quippe
621 4382 721 4437 (truce
737 4381 868 4454 eppslln·

48 4467 127 4523 tione
142 4482 158 4520 s
173 4465 333 4523 latitudine
346 4472 415 4523 sunt
429 4474 548 4524 vocate.

83 4555 171 4613 Vsus.
188 4555 231 4612 l8.
248 4579 309 4605 -ι
337 4555 466 4629 Expellet
489 4573 569 4626 eum,
586 4578 601 4609 ιι
626 4560 754 4615 subaudi
779 4560 867 4627 Deus,

45 4669 61 4699 ιι
75 4647 111 4703 de
126 4645 192 4702 luce
206 4649 236 4700 in
253 4646 400 4712 tenebras,
417 4666 432 4695 ιι
457 4646 484 4702 id
502 4651 557 4712 est,
575 4663 591 4703 e
606 4650 743 4719 praesnnti
759 4649 869 4707 honore

43 4737 81 4795 sd
97 4741 206 4792 eterne
217 4734 374 4807 supplicis,
390 4754 403 4782 ι
425 4735 503 4791 etde
519 4736 599 4804 orbe,
611 4761 626 4788 n
648 4737 677 4793 id
694 4745 748 4807 cet,
765 4740 800 4796 de
816 4741 868 4796 hcc

43 4826 165 4895 mundo,
182 4847 196 4876 ι
226 4824 382 4881 treosleret
410 4840 489 4893 eum,
512 4846 527 4876 ιι
553 4826 680 4883 subeudi
702 4828 739 4884 sd
761 4829 867 4886 interni

43 4911 236 4986 protundum.

79 5001 166 5058 Verre.
184 5002 226 5058 te.
241 5033 271 5042 -
287 5005 374 5058 «Non
390 5002 445 5058 erit
458 5018 557 5060 semen
569 5004 644 5077 ejus,
660 5004 719 5062 »id
736 5011 790 5076 eei,
808 5025 865 5065 non

44 5091 188 5149 subsistet
202 5092 334 5148 doctrine
345 5092 417 5160 ejus,
434 5113 450 5142 ιι
466 5109 560 5164 neque
576 5097 730 5167 progenies
754 5100 819 5170 ejus
835 5100 865 5157 in

40 5182 148 5257 poculo
172 5198 237 5248 suo,
264 5180 406 5238 »scilicet
430 5183 599 5256 omnesqui
621 5185 657 5242 de
675 5186 740 5257 ejus
763 5188 867 5260 inique

38 5270 232 5346 persuasione
247 5270 276 5326 io
293 5269 378 5325 melis
394 5276 559 5327 nuscuntur
574 5274 700 5343 notibus,
710 5298 724 5327 ιι
735 5293 788 5333 neo
800 5277 865 5334 ulls

37 5361 172 5434 reliquie
188 5360 217 5414 in
235 5359 404 5432 regionibus
419 5360 495 5431 ejus,
509 5383 524 5412 ιι
536 5362 753 5436 videlicetjquts
763 5383 865 5425 omnes

36 5449 211 5523 iniquitates
227 5448 307 5505 illius
321 5465 389 5504 cnm
407 5449 465 5505 ene
480 5451 827 5525 mundissconcluduntur.

72 5540 159 5599 Vens.
177 5540 222 5596 tt).
240 5569 272 5582 -
288 5560 302 5589 ιι
315 5537 347 5595 lo
363 5537 411 5596 die
425 5538 489 5610 ejus
504 5541 666 5616 stupebunt
680 5545 860 5616 novissimi»

932 3302 1008 3372 apud
1021 3316 1138 3357 omnem
1151 3317 1214 3374 qun
1228 3299 1288 3356 brec
1299 3300 1437 3356 audituro
1449 3306 1494 3357 eet
1505 3301 1533 3356 in
1550 3301 1687 3373 presenti
1703 3318 1754 3360 sss·

933 3390 998 3447 culo
1015 3391 1064 3447 Dei
1081 3390 1251 3459 liceleeiem,
1267 3408 1280 3440 o
1295 3398 1323 3447 et
1334 3390 1460 3447 atteritis
1474 3407 1521 3447 me
1536 3392 1750 3461 sermonibus»

932 3480 1045 3537 scilicet
1058 3479 1120 3537 sole
1135 3481 1347 3536 sententiarum
1370 3479 1569 3548 multitudine,
1586 3498 1642 3537 non
1662 3482 1752 3540 etiem

933 3585 1037 3640 cenem,
1054 3586 1142 3642 qunm
1159 3569 1321 3639 intenditis,
1335 3570 1480 3626 veritetei
1504 3591 1518 3620 ιι
1546 3569 1714 3643 Usquequo,
1738 3594 1752 3617 ι

931 3659 1052 3733 inquam
1064 3659 1078 3714 ‘i

967 3749 1052 3805 l'nns.
1069 3749 1095 3807 3.
1112 3765 1170 3790 -e
1198 3748 1239 3804 En
1255 3746 1351 3804 decies
1367 3747 1545 3803 confunditis
1562 3764 1620 3814 me,
1634 3770 1648 3798 ιι
1673 3749 1753 3806 vide·

930 3836 999 3893 licet
1013 3837 1081 3908 quie
1096 3837 1256 3909 quinquies
1280 3836 1369 3892 locuti
1384 3837 1466 3907 estis,
1486 3842 1515 3891 nl
1534 3837 1690 3909 quinquies
1707 3855 1753 3895 me

929 3929 1106 3998 respondere
1121 3925 1391 3999 oportuit,dolendo
1405 3927 1482 3998 quod
1499 3924 1752 3983 inutilitercontre

928 4016 1150 4085 vestreobjectn
1165 4016 1275 4071 retiooc
1294 4014 1424 4072 veritatis
1445 4014 1666 4085 disputaverim,
1685 4035 1699 4069 ι
1722 4018 1751 4072 et

928 4122 985 4162 non
1003 4106 1188 4173 erubescitis,
1206 4127 1219 4147 ι·
1236 4105 1267 4161 id
1280 4109 1335 4171 esi,
1351 4121 1404 4160 neo
1421 4109 1500 4160 tenet
1515 4121 1563 4161 roe
1587 4104 1748 4162 reverentie

926 4196 1024 4262 nmici,
1039 4219 1053 4249 ιι
1079 4196 1278 4269 opprimentes
1296 4212 1352 4262 me,
1373 4217 1387 4244 ιι
1405 4195 1434 4250 id
1457 4199 1512 4259 est,
1528 4195 1586 4250 vim
1608 4195 1748 4252 incientes

925 4302 1020 4344 oeueae
1036 4303 1118 4356 mee,
1133 4292 1162 4341 et
1177 4287 1332 4342 irascentes
1343 4285 1379 4341 de
1390 4301 1424 4342 eo
1439 4285 1517 4356 quod
1533 4287 1649 4342 constet
1662 4284 1747 4344 vobis

925 4393 982 4432 non
999 4376 1113 4432 obesse.

887 4459 909 4523 ll
960 4466 1047 4522 Vens.
1064 4465 1090 4521 t.
1106 4495 1141 4507 -
1157 4486 1169 4511 ιι
1185 4464 1304 4536 Nempe,
1319 4467 1347 4520 et
1370 4463 1396 4519 ei
1417 4463 1559 4535 ignoravi,
1574 4486 1588 4514 ιι
1612 4463 1747 4522 videlicet

925 4558 1002 4615 sicut
1017 4573 1094 4629 srepe
1105 4556 1274 4613 columnieti
1290 4555 1372 4624 estis,
1384 4575 1394 4603 ι
1406 4572 1519 4612 mecum
1531 4556 1598 4626 erit,
1614 4578 1629 4607 ιι
1643 4556 1671 4612 id
1688 4560 1744 4626 est,

925 4648 1007 4713 milri,
1023 4663 1081 4702 non
1095 4646 1188 4717 vobis,
1205 4647 1299 4702 oberit
1313 4667 1327 4695 ιι
1345 4645 1509 4717 ignorantie
1526 4661 1600 4703 mee.
1618 4667 1632 4690 ιι

957 4737 1046 4794 Voss.
1062 4737 1089 4793 5.
1106 4767 1139 4777 -
1156 4757 1170 4787 ιι
1195 4738 1231 4792 At
1250 4752 1301 4791 ros
1318 4745 1480 4791 contremo
1500 4733 1658 4807 erigimini,
1677 4757 1688 4785 ι
1712 4734 1744 4791 id

922 4831 977 4895 est,
993 4845 1051 4884 oon
1067 4844 1100 4883 eo
1120 4827 1246 4883 contenti
1267 4827 1339 4882 estis
1355 4830 1388 4881 ut
1411 4827 1492 4882 vobis
1507 4842 1565 4881 non
1587 4826 1674 4894 obsit,
1690 4826 1742 4882 sod

922 4918 995 4975 mihi
1011 4934 1062 4990 por
1076 4915 1251 4973 industrinrn
1272 4914 1434 4981 insultetis,
1452 4937 1467 4966 ιι
1495 4919 1524 4972 et
1549 4913 1671 4986 arguitis
1697 4930 1743 4972 me

921 5007 1086 5080 opprobriis
1103 5004 1186 5074 meis,
1204 5027 1218 5056 ιι
1238 5005 1372 5061 videlieet
1386 5003 1511 5077 impium
1528 5021 1593 5062 esse
1615 5020 1650 5061 ex
1674 5020 1741 5077 per·

920 5097 1057 5155 enesione
1072 5112 1119 5152 me
1129 5095 1309 5167 judicantes.

956 5193 1044 5246 Vnus.
1060 5189 1088 5246 6.
1103 5219 1138 5230 -
1155 5186 1292 5244 «saltem
1309 5203 1397 5257 nunc,
1414 5209 1428 5238 ιι
1459 5187 1486 5242 id
1508 5191 1562 5256 eet,
1584 5192 1741 5261 postquem

919 5280 1016 5337 decies
1032 5281 1207 5338 confudistis
1222 5295 1277 5348 me,
1293 5278 1411 5336 tandem
1428 5277 1633 5334 erubescentes
1645 5278 1742 5351 oppri-

919 5387 998 5427 mere
1014 5387 1070 5438 me,
1088 5393 1102 5421 ιι
1128 5369 1292 5442 intelligite,
1311 5391 1326 5420 n
1350 5367 1450 5434 idest,
1467 5384 1501 5424 ex
1521 5367 1666 5439 preterita
1680 5364 1740 5421 vito

919 5476 984 5517 mee
1003 5459 1140 5532 colligite,
1167 5481 1181 5512 ι
1207 5461 1284 5533 qnod
1300 5458 1377 5514 Deus
1393 5474 1451 5513 non
1478 5472 1560 5529 equo
1585 5455 1706 5529 judicio,
1723 5477 1737 5506 r

918 5548 948 5608 id
963 5554 1018 5618 est,
1035 5566 1093 5608 non
1104 5547 1218 5623 lingelln
1232 5550 1315 5607 lectis
1330 5547 1404 5606 meis
1417 5549 1568 5621 equando,
1583 5545 1735 5605 nonenim
