3826 6014
60 245 122 307 aas
397 239 604 301 cauliana.
630 234 909 300 rnxrrreora.
934 210 1014 293 liiuss
1038 237 1137 295 --ru
1161 235 1372 298 uiuente.
1397 235 1438 297 11.
1711 234 1770 298 aaa
1827 250 1830 259 =

63 375 252 452 superistam
265 373 334 431 Sion
345 379 447 445 gentes
464 370 563 427 multe
574 373 755 443 congregata
772 365 889 424 suntab
904 371 930 435 Α
946 364 1037 438 geniti
1054 372 1133 436 suut,
1150 368 1207 424 ilde
1217 368 1313 441 solidi,
1328 368 1415 425 verbo
1424 367 1530 425 tinnuli
1541 368 1678 439 velatas,
1691 372 1770 443 quod

63 466 150 524 initio
166 463 277 531 saeculi,
293 479 328 519 ex
343 480 401 536 quo
414 461 487 518 Cain
498 461 633 516 funestus
649 459 778 531 primum
796 457 889 512 nivem
944 454 1095 512 metallum
1121 456 1205 514 valde
1224 474 1361 515 sonarum
1381 461 1435 515 est.
1452 456 1526 515 Nam
1542 459 1573 513 in
1589 473 1698 515 amnem
1713 467 1771 517 ter-

63 556 191 615 civitatis
206 554 298 625 hujus
312 552 432 608 tratrem
461 566 549 607 suum
560 548 632 605 Abel
645 545 889 603 interiecitid'en.
944 560 1004 600 ram
1019 546 1572 618 exivitsonasearam,etinfinesartts
1593 551 1772 607 terrestria

64 650 115 721 ιι.)
128 644 211 703 Pleni
225 651 295 702 sunt
310 643 386 699 sacri
400 641 468 699 libri
484 639 727 713 lacrymabilibus
747 637 889 706 historiis,
944 649 1050 703 taram,
1075 639 1102 693 et
1124 653 1182 693 nan
1204 645 1269 693 sant
1289 637 1405 710 loquela
1423 648 1509 709 neque
1522 652 1671 708 sermones,
1699 654 1769 711 qaa-

65 743 94 795 et
109 734 222 811 passim
238 748 415 806 peromnem
429 733 487 786 iera
503 730 640 802 paginam
653 728 782 784 divinam
799 725 891 800 gemi-
944 738 1007 778 ram
1043 740 1097 781 non
1127 727 1281 783 audiantur
1315 743 1392 784 voces
1420 743 1514 784 earum
1552 727 1638 798 (Ptol.
1675 728 1767 802 amn).

65 833 113 885 tus
130 826 220 897 huius
233 822 304 880 Sion
329 821 504 888 audiuntur,
529 816 892 889 dumveniuntgenteset
945 801 1090 861 Hactenus
1119 807 1155 862 ad
1182 807 1264 864 iliam
1293 824 1356 881 quea
1383 824 1450 864 vera
1477 810 1523 864 eat
1546 809 1618 864 Sion
1649 813 1677 864 et
1703 825 1770 865 vera

63 918 169 991 ponant
192 912 342 970 morticina
363 925 506 967 servarum
521 917 632 964 tuorum
648 908 718 963 Dens
728 921 805 962 escas
815 905 892 961 aota-
945 893 1126 953 Hierusalem
1155 916 1256 957 sermo⁴
1276 908 1319 956 est
1335 901 1377 956 sio
1404 900 1558 975 incipiens,
1586 904 1613 958 et
1630 905 1661 956 ta
1684 905 1771 959 tarrts

65 1005 165 1064 tilitas
178 1000 254 1071 creti,
269 1016 365 1057 earnes
380 1007 541 1056 sanctarum
562 1006 671 1053 taeram
687 995 781 1052 bestiis
797 1000 892 1066 terrae,
944 986 1263 1059 arcessebanturin
1284 991 1360 1047 Sion.
1376 993 1449 1046 iiam
1470 988 1570 1045 deliis
1586 989 1766 1046 Hierusalem

62 1097 130 1152 dam
147 1091 293 1167 effundant
314 1088 480 1160 sanquinem
497 1087 620 1160 ipsarum
642 1095 893 1160 tanpaomoqaam
947 1081 1061 1132 terrena
1088 1092 1151 1148 que
1180 1078 1287 1135 occidit
1314 1078 1482 1152 prophetas,
1511 1083 1540 1135 et
1565 1079 1768 1152 lapidaritcos

64 1190 94 1244 in
109 1183 232 1242 circuita
246 1181 438 1247 Hierusalem,
453 1181 479 1236 et
493 1186 603 1235 nonest
617 1171 891 1249 qaisepeliatffsal.
947 1163 995 1236 qui
1013 1165 1048 1221 ad
1075 1182 1107 1222 se
1122 1167 1207 1225 missi
1225 1168 1344 1225 luerunt
1372 1168 1478 1240 (Malta.
1504 1168 1594 1239 xxiii),
1615 1168 1681 1226 audi
1698 1168 1768 1242 quid

60 1274 188 1346 exarui).
220 1274 257 1327 at
282 1269 325 1326 illi
352 1268 435 1325 nulia
463 1266 650 1323 miseratione
679 1265 808 1338 gementi
823 1263 892 1322 Sion
947 1253 1083 1311 dicatur:

64 1366 295 1439 compatiuntur,
311 1361 363 1419 sad
375 1360 517 1435 pertinaci
532 1357 702 1415 crudelitate
718 1354 893 1429 semetipsos
984 1354 1051 1412 Car.
1068 1357 1101 1409 V.
1119 1386 1152 1398 -
1172 1356 1250 1413 lianc
1270 1357 1425 1414 vastaberis
1447 1357 1507 1426 tilia
1536 1357 1664 1413 latronis.
1694 1355 1773 1417 otei.

67 1455 262 1510 cohortantur
290 1449 438 1506 dicentes:
455 1447 603 1521 iapidetar
628 1447 686 1502 ista
701 1445 783 1512 Sion,
800 1443 829 1499 id
849 1450 895 1502 est
947 1441 1057 1499 dionem
1083 1455 1233 1516 posuerunt
1261 1462 1343 1517 saper
1365 1462 1424 1514 nos,
1450 1445 1480 1502 in
1509 1447 1590 1520 virpa
1617 1447 1774 1519 percutient

66 1542 211 1600 nullusei
238 1546 350 1616 parcat.
368 1539 403 1595 Et
430 1538 559 1610 optando
588 1537 707 1593 dicuni:
731 1536 850 1608 ispiciui
865 1536 896 1590 tn
948 1532 1096 1589 maxiltam
1119 1534 1226 1606 judicis
1251 1536 1344 1592 israel.
1361 1534 1774 1607 CujusvelqusatiJudicisi

62 1635 130 1690 Sion
160 1631 256 1689 oculas
283 1632 385 1685 noster.
403 1627 557 1694 Quodicto
582 1626 739 1682 vehemens
761 1623 895 1680 innuitur
948 1619 1092 1679 Nimirum
1107 1623 1172 1694 ejus
1187 1624 1281 1696 quiet
1297 1625 1581 1697 magnusiiensast,
1597 1630 1626 1680 et
1649 1622 1771 1680 humilis

61 1723 160 1780 odium
172 1724 201 1778 et
216 1719 334 1786 invidia,
352 1733 415 1791 quae
429 1733 488 1773 non
504 1715 605 1771 leviter
616 1714 778 1770 exsaturari
790 1713 894 1808 possit,
911 1743 936 1809 B
953 1712 1099 1783 apparuit,
1109 1715 1185 1785 quad
1197 1713 1324 1770 multum
1339 1719 1424 1771 caute
1435 1715 1509 1770 sicat
1519 1730 1552 1771 eo
1559 1718 1689 1786 tempore
1699 1729 1772 1785 opne
1875 1788 1880 1795 .

64 1812 123 1868 nisi
141 1809 432 1880 multarumaspecin
444 1805 637 1861 miseriarum.
651 1804 713 1869 Quo
726 1820 792 1859 cnm
813 1803 895 1875 potin
952 1805 1015 1856 erat
1039 1803 1233 1874 sequentibus
1251 1803 1348 1860 verbis
1363 1804 1556 1874 predicatur:
1579 1806 1614 1858 et
1637 1813 1677 1871 ta,
1695 1801 1774 1859 eert-

63 1900 186 1968 inerint,
213 1896 342 1968 maligno
367 1895 429 1951 risu
449 1895 606 1951 solvuntur
619 1897 648 1948 et
662 1891 774 1948 crudeli
789 1890 895 1964 plausu
951 1888 1036 1945 lehem
1060 1890 1196 1962 iiplrrata,
1221 1894 1356 1965 portatas
1370 1909 1398 1950 es
1408 1895 1438 1948 in
1452 1892 1581 1949 millibus
1593 1892 1684 1958 tatia,·
1698 1907 1733 1949 ex
1748 1901 1773 1950 te

67 1988 235 2064 tripudiant
249 1987 407 2042 dilatantes
423 2001 455 2041 oa
474 2001 572 2053 suum,
589 1983 666 2039 siout
687 1983 830 2054 seriptum
851 1985 896 2038 est
949 1983 1025 2037 enim
1038 1981 1203 2054 epredietar,
1219 1983 1773 2055 qaisitDarninatorr'nlsraei,etepressas

63 2083 150 2149 nique
177 2077 323 2132 dieentes:
349 2078 433 2145 Euae,
461 2088 537 2144 eane,
561 2073 691 2129 uideant
714 2072 790 2127 oculi
807 2071 897 2128 nostri
949 2070 1009 2142 titas
1024 2072 1059 2126 ab
1071 2070 1156 2129 initio
1171 2089 1191 2128 a
1203 2072 1297 2130 dicitu
1312 2072 1482 2130 aternitatis.
1499 2073 1615 2142 Propter
1632 2072 1681 2130 itae
1694 2074 1773 2130 dabit

67 2167 156 2237 (Psoi.
173 2162 474 2237 xxxiv),subauditur
497 2161 680 2231 malahuJ'us
698 2176 760 2232 qun
780 2160 893 2217 deside·
949 2175 995 2216 eas
1024 2176 1108 2232 usqae
1128 2160 1281 2234 adtempas
1297 2163 1327 2219 in
1343 2178 1396 2235 qao
1408 2161 1571 2235 parturiens
1587 2163 1689 2234 pariet,
1705 2162 1774 2218 reti·

67 2257 213 2326 ravimus,
230 2258 259 2311 et
284 2254 340 2310 hoc
368 2252 442 2308 bene
457 2251 580 2324 contigit
600 2251 694 2308 nobis.
716 2249 776 2322 ipsi
789 2254 893 2320 anteat,
949 2249 1025 2321 qaiae
1037 2252 1158 2321 tratrem
1172 2252 1231 2323 ejas
1244 2257 1436 2310 convertentur
1447 2251 1564 2324 adfiiios
1579 2250 1674 2308 lsrael.
1693 2252 1776 2310 Sicut

67 2348 183 2420 inqnit,
198 2364 256 2403 non
270 2347 455 2416 coenaverunt
468 2344 647 2413 recitationes
658 2342 781 2411 Domini,
801 2345 827 2398 et
841 2357 896 2397 nan
945 2337 1008 2409 jam
1024 2340 1134 2397 dictum
1145 2343 1236 2399 estad
1252 2342 1345 2411 illam,
1362 2345 1391 2398 et
1403 2343 1438 2398 de
1451 2341 1501 2398 illa
1516 2341 1696 2398 Hierusalem
1709 2359 1773 2415 qna

67 2438 269 2493 intellexerunt
297 2434 443 2491 consiliam
470 2433 540 2504 ejas,
570 2448 636 2504 paru
654 2433 827 2502 canprepaait
850 2445 896 2486 eos
950 2432 1240 2504 prophetnsoccidii,
1257 2449 1354 2490 sermo
1370 2442 1435 2490 est:
1464 2432 1664 2506 Nancinquit,
1682 2441 1775 2490 easta-

68 2529 152 2600 qaost
165 2527 264 2601 {enam
279 2542 363 2582 areae.
375 2524 410 2580 iit
423 2528 469 2580 est
483 2539 604 2580 sensns:
621 2526 810 2596 congregata
826 2525 897 2577 sunt
951 2519 1058 2590 deraso
1074 2526 1117 2590 tn,
1134 2521 1332 2578 nonverelilia
1343 2523 1424 2591 Sion,
1436 2522 1485 2578 sed
1499 2537 1563 2577 rere
1573 2521 1634 2593 filia
1645 2521 1774 2591 latronis,

72 2624 177 2691 gentes
193 2619 334 2687 superte,
365 2617 394 2670 ei
408 2614 438 2669 in
453 2629 506 2669 sua
520 2612 681 2686 gloriantes
697 2610 896 2679 multitudine,
950 2606 1652 2682 videlicetqueevirumhomicidametlatroaem
1669 2610 1776 2666 barab-

72 2704 233 2779 praesentia
260 2708 378 2761 tantum
404 2709 431 2758 ei
446 2701 602 2758 mantissis
618 2705 776 2772 potuerunt
789 2699 896 2773 ridere,
951 2697 1020 2754 bam
1036 2696 1203 2754 tibidimitti
1217 2698 1328 2770 petisti,
1340 2703 1490 2755 auctorem
1500 2714 1569 2755 sero
1579 2698 1644 2753 vita
1660 2698 1750 2755 interl
1766 2729 1777 2741 -

70 2795 185 2852 scilicet
195 2798 224 2849 et
235 2797 314 2849 tuam
327 2790 531 2858 calamitatem,
542 2793 571 2846 et
584 2806 670 2847 suam
683 2789 712 2844 in
724 2790 897 2847 boemundo
951 2785 1016 2842 cisti
1032 2786 1136 2858 (idoliis.
1152 2804 1262 2858 xxviii).
1273 2788 1360 2856 Nunc,
1370 2790 1502 2860 inquam,
1523 2787 1683 2853 vastaberis,
1699 2803 1775 2844 anno

70 2883 316 2958 prosperitatem
347 2880 397 2937 sed
429 2879 481 2936 hoc
511 2895 568 2935 nan
589 2882 897 2952 coguoveruntneqne
950 2875 1163 2932 mrcamdatant
1184 2880 1210 2932 te
1230 2875 1340 2932 inimici
1366 2876 1506 2946 taivailo,
1523 2874 1776 2933 etcircamdabnnt

69 2971 278 3030 intellexerunt
289 2971 361 3042 quid
372 2970 401 3025 iu
416 2970 548 3024 laturum
560 2968 896 3040 Dominuscogitaverit,
951 2973 977 3022 te
1003 2975 1029 3021 et
1056 2964 1281 3035 caanpastaiant
1295 2971 1321 3023 te
1347 2965 1478 3039 aridique,
1497 2973 1523 3021 et
1538 2963 1573 3020 nd
1591 2970 1697 3021 terram
1711 2981 1775 3038 pra·

66 3067 97 3118 et
112 3060 202 3135 quale
224 3075 313 3131 super
335 3065 363 3115 te
378 3062 406 3114 et
421 3074 510 3129 super
528 3057 595 3113 illos
613 3056 770 3114 consilium
786 3056 895 3113 inierit.
922 3106 938 3136 a
952 3057 1076 3112 sternent
1101 3063 1126 3112 te
1154 3060 1179 3112 et
1201 3054 1274 3125 tilios
1301 3060 1371 3124 taos,
1386 3057 1434 3128 qai
1448 3056 1479 3111 ia
1494 3059 1520 3110 te
1531 3059 1596 3111 sant
1610 3055 1686 3123 (iac.
1702 3056 1772 3123 arx).

68 3151 126 3208 Sed
153 3166 219 3207 eece
246 3150 395 3206 consiliam
419 3156 446 3203 et
473 3148 651 3219 aspirationes
676 3147 736 3214 ejas
750 3146 815 3203 dico
833 3146 897 3222 tibi,
916 3126 1045 3210 htinam
1062 3144 1099 3200 ob
1115 3160 1235 3200 causam
1251 3145 1293 3202 sic
1304 3142 1476 3209 vastaberis,
1490 3147 1776 3216 eteurproaternen·

69 3241 327 3314 qaiaeanprcpaoit
341 3254 385 3295 eos
396 3235 477 3310 quasi
490 3239 585 3309 lenam
609 3251 693 3307 areae,
709 3235 897 3303 subauditor,
951 3233 1061 3290 turillii
1073 3233 1601 3307 tniiObsidianem,inquit‚posaerant
1618 3251 1702 3307 saper
1716 3250 1776 3304 nos,

70 3335 103 3388 nt
117 3332 304 3403 congregatis
320 3328 380 3385 illis
395 3327 475 3384 dicat
486 3327 540 3383 tibi
557 3344 563 3384 :
579 3327 706 3398 Saraeet
721 3327 898 3397 triturantia
950 3324 979 3379 in
993 3325 1074 3393 virae
1096 3325 1249 3395 parnaient
1263 3325 1408 3380 masiliam
1432 3323 1534 3396 iudicis
1556 3325 1662 3380 lsrael:
1678 3325 1722 3394 :Su
1728 3340 1778 3396 per

70 3419 152 3484 sion,
166 3421 233 3492 qaia
257 3434 342 3475 cornu
369 3422 448 3473 taum
462 3432 563 3488 ponam
584 3418 716 3488 ferream,
738 3420 765 3472 et
780 3415 898 3487 anpalas
951 3439 1005 3478 nos
1021 3423 1176 3494 prophetas
1201 3428 1230 3480 et
1252 3424 1401 3497 sapientes
1415 3427 1443 3479 et
1459 3422 1572 3480 scribas
1593 3423 1776 3480 obsidionem

70 3515 249 3579 taaspoaam
271 3507 725 3578 aereas,etcammiattttp0pttitt
748 3504 900 3572 mathomi
951 3517 1124 3584 posuerunt,
1144 3511 1174 3568 id
1185 3518 1230 3569 est
1244 3530 1279 3570 ex
1294 3513 1379 3570 nobis
1394 3514 1563 3569 occiderunt
1578 3516 1608 3568 et
1623 3512 1775 3568 crucifixe·
1878 3534 1881 3541 ⁴

69 3597 223 3668 inmittet
248 3598 362 3654 [lomim
389 3597 505 3667 1111111111
530 3610 637 3661 emm»
666 3601 692 3650 ti
704 3593 901 3666 tortitudinem
952 3605 1032 3668 runt,
1049 3604 1079 3656 et
1101 3618 1136 3657 ex
1150 3601 1234 3658 nobis
1254 3601 1474 3674 flagellaverunt
1493 3601 1525 3658 in
1540 3600 1699 3675 synagogis
1715 3599 1778 3656 suis

72 3689 195 3746 Domino
208 3688 272 3755 Μ,
283 3689 421 3743 “divertit
434 3691 528 3743 im·
541 3685 576 3741 Εἰ
590 3688 634 3740 eti
649 3700 774 3740 8θ1111111
790 3684 900 3749 Quam·
953 3689 1335 3748 atdecivitateinoiritatem
1343 3689 1674 3764 persecutisuutlldattit.
1685 3690 1777 3763 xxiii).

73 3778 118 3834 sis
134 3778 225 3834 tortos
255 3781 284 3833 at
299 3776 434 3832 robustos
454 3790 519 3831 esse
545 3774 734 3844 arbitrentur,
759 3772 900 3830 nimirum
953 3778 1026 3836 Nam
1042 3779 1096 3837 hoc
1108 3785 1201 3837 totum
1217 3780 1272 3837 tuit
1284 3779 1467 3837 obsidionem
1484 3795 1592 3852 ponere
1606 3794 1695 3850 super
1710 3795 1776 3846 noa,

74 3882 142 3924 0⁰⁰¹
159 3865 221 3924 ⁸5⁰2
249 3882 328 3936 ⁰⁸t0,
344 3864 387 3922 ³1⁰
402 3867 474 3921 ⁸¹¹¹st
497 3864 580 3937 (iulii
597 3864 708 3932 fenum,
726 3862 795 3935 quia
814 3865 903 3920 omnis
955 3869 1026 3942 quia
1041 3869 1084 3926 sic
1098 3869 1254 3927 voluerunt
1268 3870 1403 3927 claudere
1414 3886 1465 3926 ora
1480 3874 1593 3937 nostra,
1605 3885 1641 3924 ne
1656 3869 1777 3924 docere-

75 3971 140 4012 caro
164 3959 197 4011 at
217 3954 325 4025 sanant,
355 3956 380 4009 et
409 3952 500 4008 omnis
526 3953 693 4026 plaetorius
708 3955 903 4025 tanqaomtios
956 3958 1203 4016 musinnamine
1222 3958 1450 4032 judicisisraei,
1478 3959 1564 4031 cnjus
1586 3956 1735 4014 maxillam
1751 3957 1781 4013 in

72 4047 137 4117 apri
151 4045 229 4117 (lsai.
260 4044 319 4115 aa).
344 4047 378 4098 iit
392 4058 458 4098 vere
473 4041 574 4098 lenum
590 4046 635 4098 est
650 4041 903 4115 populandoque
957 4045 1264 4121 virgapercussernnt,
1274 4050 1304 4105 in
1317 4047 1588 4120 virpa,inqnam,id
1600 4047 1683 4104 estin
1694 4062 1784 4102 aruu-

79 4134 158 4191 fliaul
173 4134 274 4190 lenum
290 4131 319 4188 in
331 4149 400 4204 agro
416 4132 451 4187 ad
463 4136 580 4203 tempus
594 4131 677 4200 tirel,
695 4137 722 4188 ei
732 4130 762 4186 in
772 4136 904 4203 tempore
957 4137 1024 4193 dine
1040 4154 1099 4209 qua
1113 4138 1314 4209 percutiebant
1328 4153 1395 4194 eum
1417 4138 1512 4211 spinis
1526 4141 1713 4205 coronatum,
1725 4134 1783 4192 sibi

75 4240 130 4281 suo
160 4222 278 4280 aridam
309 4222 481 4294 deportatur
508 4221 544 4276 ad
568 4237 677 4289 aream,
699 4219 798 4292 ibique
814 4220 904 4277 serris
957 4230 1100 4297 potestate
1114 4241 1264 4291 concessa,
1280 4227 1532 4299 quemadmodum
1545 4225 1596 4294 aii,
1610 4225 1656 4282 sed
1671 4224 1730 4282 teuc
1744 4231 1784 4281 est

76 4312 206 4369 dentatis
221 4310 283 4368 sive
297 4309 438 4384 plaustris
453 4309 556 4365 ferreis
570 4308 745 4378 trituratur,
763 4312 792 4364 at
807 4307 904 4366 tritico
958 4313 1025 4370 bora
1039 4320 1132 4371 vestra
1146 4321 1172 4372 et
1181 4319 1299 4388 potestas
1326 4313 1503 4372 tenebrarum
1518 4315 1595 4387 (Lac.
1612 4313 1702 4384 xxia).
1731 4316 1784 4369 Per

73 4400 238 4469 recondito,
254 4399 365 4473 stipula
379 4406 406 4454 et
418 4396 506 4471 palea
518 4399 653 4470 projecta
663 4398 723 4471 igni
735 4397 904 4456 traduntur.
959 4406 1071 4475 partem
1087 4407 1191 4472 tomm,
1204 4403 1285 4461 idest
1296 4421 1348 4477 per
1359 4403 1484 4460 maxilla
1494 4402 1725 4475 percussionem,
1735 4404 1784 4456 to·
1895 4460 1899 4467 ,

73 4490 122 4546 sio
135 4494 180 4558 tu,
196 4505 213 4545 o
227 4488 308 4558 Sion,
323 4504 426 4545 omnes
436 4493 538 4562 gentes
549 4503 614 4559 que
628 4491 903 4560 congregassent,
919 4476 943 4543 l)
958 4495 1018 4548 tam
1035 4493 1099 4564 eius
1110 4493 1296 4567 significabat
1308 4494 1484 4567 passionem.
1498 4491 1621 4549 Pulchre
1632 4489 1784 4556 niurirnm,

76 4577 413 4651 supertesuperbientes
421 4581 509 4649 atque
520 4575 712 4646 luxuriantes,
723 4575 803 4633 velut
813 4575 904 4633 viride
958 4581 1028 4652 quia
1043 4582 1189 4653 passionis
1204 4584 1268 4654 ejus
1284 4583 1337 4639 hoc
1348 4581 1630 4654 luitinitium,quod
1646 4596 1724 4635 nnus
1735 4593 1785 4634 as·

75 4667 178 4725 lenum
196 4668 226 4722 in
233 4667 381 4739 judicium
394 4665 512 4723 Domini
522 4664 675 4721 triturabis
683 4669 770 4738 atque
780 4665 903 4723 commi·
959 4671 1067 4728 sistens
1083 4671 1296 4743 ministrorum,
1312 4671 1393 4728 dedit
1408 4671 1450 4726 illi
1466 4671 1581 4744 alapam
1602 4668 1722 4726 diceus:
1740 4667 1787 4726 Sic

76 4773 165 4826 111181,
181 4756 392 4820 11111111111111,
409 4761 442 4811 ut
470 4755 635 4827 quicunque
664 4770 699 4811 ex
714 4753 772 4810 illis
787 4771 849 4812 sese
873 4755 903 4812 in
958 4759 1103 4833 respondes
1125 4759 1277 4834 pontificii
1293 4762 1381 4834 (ioan.
1398 4760 1490 4833 xviri.)
1506 4760 1642 4817 Proterva
1657 4756 1785 4815 crudeli·

76 4845 244 4904 hnmilitate
258 4843 458 4916 deposuerint,
474 4860 524 4900 eos
538 4849 678 4916 tanquam
699 4844 828 4901 triticum
847 4846 905 4903 iio·
959 4855 1014 4915 tas,
1030 4848 1158 4906 erudelis
1181 4849 1325 4923 protervia
1350 4849 1472 4919 lictoris,
1489 4853 1635 4906 atseurrae
1649 4848 1698 4921 qui
1714 4846 1786 4902 dum

77 4937 160 4992 mino
173 4933 315 4991 univerae
325 4937 409 4989 terras
425 4949 589 5002 consecres,
602 4932 804 4990 interficiendo
818 4936 903 5007 quid·
960 4937 1229 4996 adulaturDamina
1242 4955 1296 4996 ano
1312 4938 1441 5011 pontilici
1454 4942 1483 4995 et
1493 4938 1518 4995 ei
1531 4937 1644 5009 placere
1656 4935 1729 5006 vult,
1743 4951 1788 4992 as-

76 5024 149 5098 quid
166 5025 197 5080 in
213 5023 256 5080 eis
269 5022 408 5078 vitiosum
424 5026 487 5079 erat
497 5039 508 5085 ,·
524 5022 691 5095 quicunque
703 5030 798 5079 autem
815 5023 904 5094 perti·
960 5025 1059 5084 siliens
1074 5043 1169 5084 coram
1184 5029 1311 5100 percutit
1325 5028 1355 5084 in
1372 5027 1520 5084 maxillam
1537 5028 1668 5099 judicem
1685 5023 1786 5095 israel,

77 5113 143 5170 naci
164 5111 309 5186 superbia
330 5114 417 5168 rento
443 5127 508 5167 sese
523 5110 749 5178 sublevaverint,
766 5112 905 5170 eosveiut
960 5114 1114 5173 uecsolius
1143 5115 1244 5186 israel,
1259 5116 1309 5173 sed
1326 5121 1354 5172 et
1371 5116 1504 5173 omniurn
1528 5116 1693 5184 hominum,
1717 5113 1787 5186 quia

77 5201 220 5275 stipulam
249 5206 277 5256 et
306 5199 421 5272 paleam
450 5206 590 5272 perpetuo
605 5199 665 5273 igni
681 5200 788 5256 trades.
804 5201 904 5276 Neque
960 5209 1074 5278 tpseest
1097 5208 1323 5279 autconstitatas
1352 5214 1393 5263 est
1411 5224 1428 5262 a
1444 5207 1494 5264 lieo
1511 5206 1739 5279 jadeaviaoram
1762 5207 1787 5258 ct

77 5292 155 5350 enim
182 5289 319 5348 resistere
351 5289 404 5345 tibi
439 5294 576 5363 poterunt
602 5305 693 5345 cornu
720 5289 846 5348 terreum
877 5297 906 5350 at
959 5302 1133 5352 mortuoram
1149 5300 1226 5370 (Aet.
1243 5297 1284 5370 x).
1300 5296 1513 5370 iltntampiins
1532 5295 1736 5369 perhorrescas
1748 5296 1789 5346 te·

77 5397 168 5439 areas
180 5380 309 5453 ungulas
322 5378 453 5448 habenti,
468 5380 546 5452 quod
561 5377 695 5434 videlicet
709 5394 800 5434 cornu
822 5384 905 5438 tuum
961 5385 1123 5443 maritalem
1139 5386 1303 5457 nebulonis,
1320 5387 1370 5460 qni
1388 5386 1542 5458 percussit,
1557 5385 1605 5440 ilie
1616 5384 1708 5454 judex
1723 5396 1782 5436 non

76 5469 289 5545 insuperabilis
303 5484 352 5526 rex
366 5472 394 5525 ei
417 5468 588 5541 magnificae
609 5467 808 5540 triumphator
822 5470 905 5527 Chri·
960 5478 1075 5530 tantum
1091 5474 1188 5545 homo,
1205 5476 1256 5533 sed
1268 5480 1297 5532 et
1312 5475 1389 5532 Deus
1399 5478 1453 5531 est.
1469 5474 1530 5532 iiao
1543 5473 1623 5530 enim
1634 5468 1730 5526 verbis
1743 5483 1787 5525 se·

76 5566 142 5619 atos
168 5564 224 5628 est,
255 5574 320 5631 qua
343 5556 463 5630 ungulae
478 5561 535 5614 tna
551 5555 675 5629 apostoli
691 5556 727 5615 de
747 5560 801 5615 tua
818 5574 907 5619 carna
961 5563 1119 5635 questibus
1133 5569 1273 5622 testatur:
1292 5569 1327 5620 at
1341 5561 1671 5636 ta,BetileemEptrrata,
1681 5573 1786 5631 parua·
