3826 6014
79 235 139 295 433
401 237 611 302 colluunt.
636 243 675 303 IN
699 241 753 303 ΧΠ
775 240 916 302 PROPH.
941 239 1021 301 bllN.
1045 274 1082 284 -
1105 241 1144 300 ΙΝ
1166 241 1308 302 JONAM.
1333 242 1405 304 LlB.
1428 244 1466 307 lt.
1727 248 1788 309 etl

78 368 202 442 ligiosus
215 388 342 444 namque
354 391 417 429 mos
429 380 457 429 ct
469 376 602 431 ordinata
615 381 659 431 est
669 375 785 431 traditio
799 377 904 446 proles·
919 379 943 442 Α
961 374 994 428 bt
1011 376 1037 428 in
1053 375 1114 446 lege
1131 375 1212 441 dicit,
1230 377 1279 447 qui
1298 377 1396 433 lecerit
1411 377 1464 432 hoc
1476 378 1518 432 vel
1535 378 1598 441 hcc,
1612 386 1705 435 morte
1722 397 1787 435 mo·
1805 419 1808 428 ·

79 460 173 516 sionis
189 462 373 533 evangelica,
391 470 423 518 ut
448 464 529 536 prius
553 467 588 520 de
604 466 736 537 pristinis
757 467 905 521 erroribus
962 464 1061 519 rietur.
1078 467 1131 520 Sed
1149 471 1178 520 ot
1203 464 1232 519 in
1258 466 1412 537 Evangelio
1437 483 1502 522 cum
1519 467 1669 538 loquitur:
1686 470 1784 524 varices

80 550 252 622 paenitentia
263 558 395 623 suscepta
404 555 731 626 catechizeturquisque
743 572 906 611 sacramen·
960 556 1034 609 enim
1048 557 1096 626 qui
1110 558 1265 627 acceperint
1280 557 1416 624 qiudrum,
1426 558 1525 628 qladr'o
1536 559 1663 626 peribunt
1674 560 1781 630 (blattis.

80 645 110 694 to
126 642 273 711 passionis
291 642 492 704 Dominicoeet
503 645 736 701 deinderristo
747 649 906 716 consurgat
959 646 1044 713 xxvi),
1063 647 1191 717 prudens
1206 644 1297 701 lector
1307 648 1466 702 subaudire
1475 647 1569 712 debet,
1587 648 1643 702 nisi
1660 663 1782 703 conver-

79 726 110 782 in
124 745 206 783 sacro
219 728 406 801 baptismate,
419 735 551 803 gaudeus
563 734 598 788 da
611 732 903 804 primaresurrectio·
959 752 1010 790 sus
1027 737 1122 806 luerit,
1140 737 1196 792 nisi
1222 740 1421 808 paenitentiam
1448 741 1550 810 egerit,
1572 741 1657 809 juxta
1680 740 1753 796 iliud
1770 756 1777 794 τ

79 832 125 888 no,
139 816 226 875 idest
242 820 278 875 de
294 826 477 891 peccatorum
495 823 678 879 remissione.
696 823 790 892 Hujus
807 839 901 877 sacra·
958 824 1019 879 Nisi
1030 829 1158 882 conuersi
1170 827 1292 898 fueritis,
1322 827 1448 895 qtadium
1462 844 1543 882 suum
1558 829 1678 884 vibrabit
1694 829 1777 899 (Puni.

78 906 903 981 mentietomnisllcclesioereligionisluxetordomul·
957 916 1035 984 xvir),
1048 916 1075 969 ld
1092 920 1136 971 est
1151 914 1248 987 qualis
1274 933 1357 987 poenn
1382 916 1425 971 vol
1455 918 1600 973 sententia
1626 924 1778 988 peceatum

75 994 541 1068 timodisjamantedicteiiomae
555 999 903 1054 munituracroboratur
956 1008 1156 1075 consequntur
1166 1007 1229 1075 jam
1247 1007 1434 1077 prescripsit,
1452 1022 1540 1077 quam
1565 1006 1692 1078 prolecta
1708 1013 1779 1063 tunc
1888 1082 1892 1087 ι

75 1086 215 1153 decretis,
230 1102 264 1142 eo
275 1089 352 1158 quod
366 1088 442 1143 beati
460 1088 600 1159 principis
611 1087 811 1159 apostolorum
824 1088 901 1145 Petri
955 1094 1135 1164 adimplebit,
1152 1094 1210 1149 nisi
1226 1097 1356 1150 conversi
1372 1095 1498 1150 fueritis.

74 1177 161 1233 sedes
174 1178 249 1233 lacta
260 1179 307 1245 sit,
320 1179 451 1248 eJusdem
464 1184 493 1235 et
507 1180 650 1235 consortis
666 1181 730 1252 ejus
748 1180 901 1249 Paulisic·
991 1182 1058 1239 Cur.
1076 1182 1205 1240 lV.—lie
1219 1185 1340 1254 amictus
1352 1193 1389 1240 est
1399 1186 1481 1240 Jonas
1495 1186 1648 1255 asflictionc
1663 1202 1776 1252 manna,

76 1272 108 1322 ut
123 1267 331 1337 praedicatione
342 1266 500 1332 illustrata,
513 1267 552 1324 ita
564 1275 593 1324 et
603 1268 741 1342 martyrio
752 1274 899 1337 coronata,
953 1276 979 1326 et
993 1271 1084 1327 iratus
1099 1279 1148 1337 eat,
1164 1276 1189 1328 et
1204 1276 1293 1328 orauit
1310 1273 1347 1328 ad
1363 1275 1518 1338 bominum,
1536 1286 1562 1330 et
1579 1276 1669 1330 dicit:
1695 1275 1777 1332 Obse-

73 1356 190 1412 cuoctis
205 1356 341 1413 [ecclesiis
367 1363 454 1429 caput
473 1357 562 1413 altius
587 1359 735 1426 extulerit,
751 1359 899 1430 latiusque
951 1378 1007 1429 cro,
1025 1364 1274 1436 Domine,nunquid
1289 1381 1344 1420 non
1360 1364 1409 1420 boc
1420 1369 1459 1419 ert
1475 1365 1597 1431 verbum,
1609 1381 1671 1420 cum
1685 1366 1777 1422 adbuc

72 1446 283 1502 denominetur
298 1463 349 1518 per
367 1464 469 1503 omnes
490 1454 593 1520 gentes
618 1465 702 1505 sacra
728 1448 897 1519 pontitlcurn
950 1467 1040 1508 essem
1054 1452 1084 1508 in
1100 1453 1267 1509 terraneo?
1281 1459 1395 1524 Propter
1409 1454 1458 1510 boc
1470 1456 1660 1525 pra-occupavi
1674 1463 1705 1510 ut
1725 1458 1774 1526 iu·

70 1536 137 1606 ejus
152 1534 264 1608 lingua,
281 1553 370 1609 quam
396 1538 549 1592 dominata
574 1538 662 1593 luerit
676 1543 820 1595 Casurum
837 1540 898 1594 sive
949 1557 1040 1612 qerem
1055 1545 1084 1597 in
1100 1542 1218 1599 Tbursis.
1234 1541 1295 1598 Scio
1309 1545 1385 1598 enim
1400 1559 1464 1614 quin
1477 1548 1509 1598 tu
1535 1543 1605 1597 Deus
1629 1560 1705 1599 meua
1718 1545 1772 1600 cte·

71 1629 271 1696 Augustorum
287 1627 899 1698 purpurasssneergoetboumysteriocon-
950 1640 1072 1700 menaet
1087 1630 1256 1696 misericors,
1273 1631 1382 1701 perticus
1406 1639 1433 1685 et
1456 1632 1553 1688 mallee
1576 1631 1773 1704 eniserutionis,

68 1717 239 1788 gruit,quod
252 1733 300 1770 rex
311 1716 412 1772 Ninive
425 1716 1093 1802 clamavit,etdixit:lnNiuiueeccBequoscens
1109 1736 1190 1791 super
1203 1719 1327 1775 malitia.
1356 1724 1388 1775 lit
1409 1736 1492 1790 nunc,
1522 1721 1644 1786 Domine,
1668 1737 1772 1792 quasa,

67 1823 114 1863 ore
130 1810 205 1876 reqis
219 1813 245 1862 et
254 1807 579 1878 princiuumejusdireus
593 1824 598 1864 :
610 1809 782 1874 florianensi
792 1810 897 1873 iumen·
949 1808 1017 1865 totle
1031 1811 1155 1864 animam
1169 1813 1337 1880 meam‚quiu
1352 1811 1505 1865 meliorest
1522 1810 1592 1864 mibi
1605 1827 1773 1882 enumquam

65 1904 105 1963 ta,
122 1903 149 1950 et
162 1896 276 1951 boueeet
289 1911 386 1967 pecora
401 1913 456 1952 nou
470 1902 580 1968 qustent
595 1898 758 1969 quidquam,
770 1899 895 1953 etcfflo·
948 1899 1015 1955 uita.
1033 1899 1227 1956 Atilictionsm
1243 1905 1272 1954 et
1291 1900 1362 1955 iram
1384 1900 1544 1971 propheta,
1560 1902 1609 1955 ssd
1636 1906 1665 1955 et
1685 1901 1773 1956 verba

67 1986 195 2041 atenim
212 1990 282 2040 tuno
296 1987 459 2042 secuudum
472 1987 602 2042 edictum
621 1987 698 2060 regis
714 1986 817 2043 Ninive
832 1986 893 2042 lieri
948 1990 1013 2060 ejus
1028 1989 1163 2060 dicentis,
1178 1997 1205 2045 et
1219 2005 1303 2052 nunc,
1317 1991 1441 2057 Domine,
1452 1989 1528 2059 tolle,
1538 2004 1638 2060 quaeso,
1650 1992 1772 2046 animam

64 2074 207 2147 oportuit,
219 2074 261 2130 ita
276 2076 439 2131 secundum
453 2076 540 2131 fidem
556 2080 584 2130 et
597 2075 781 2131 traditionem
794 2077 894 2131 beato·
946 2096 1038 2134 meam
1051 2096 1067 2135 a
1080 2096 1135 2144 me,
1148 2083 1216 2146 etc,
1232 2084 1264 2133 ut
1275 2080 1329 2134 rito
1345 2080 1572 2151 perpendamus,
1584 2079 1772 2135 alllictionom

65 2181 133 2219 rum
148 2164 227 2220 Petri
241 2170 269 2220 et
296 2163 390 2231 Pauli,
406 2165 456 2236 qui
472 2169 543 2220 sunt
557 2165 600 2220 vel
617 2181 679 2222 esee
695 2165 802 2221 debent
817 2182 847 2220 os
865 2168 894 2220 et
946 2185 1063 2241 quoque
1078 2169 1150 2225 Masi
1166 2175 1194 2225 st
1209 2170 1282 2224 iram
1299 2169 1374 2240 ejus,
1386 2177 1412 2224 et
1427 2170 1516 2225 verba
1528 2169 1594 2240 ejus
1608 2186 1666 2241 pra
1678 2169 1771 2225 oculis

63 2253 168 2326 lingua
179 2254 410 2321 Romanesedis‚
420 2253 552 2309 ordinem
564 2253 796 2310 ecclesiasticum
808 2270 891 2326 opor·
946 2258 1053 2314 babere
1066 2259 1217 2327 debemus,
1243 2258 1313 2329 qnia
1338 2257 1473 2314 videlicet
1488 2263 1516 2314 et
1539 2257 1588 2313 illa
1612 2257 1772 2315 alilictione

64 2348 108 2400 tet
133 2343 292 2401 observari.
323 2343 398 2401 Sane
428 2344 564 2400 homines
589 2349 618 2402 et
637 2345 772 2416 jumenta
796 2345 889 2401 saccis
946 2345 1770 2419 magnaalllictusest-,eticatusluit‚etdoleuterlocu·

63 2438 179 2508 operto,
195 2437 224 2489 et
242 2432 400 2490 clamantia
416 2434 452 2490 ad
464 2433 556 2490 Deum
571 2432 760 2489 rationabiles
775 2438 803 2489 et
818 2434 890 2489 irra·
945 2440 1137 2509 tus‚quando
1160 2436 1287 2508 peccavit
1315 2437 1453 2509 populus.
1479 2437 1553 2493 Nam
1582 2436 1768 2493 afflictionem

63 2523 234 2590 tinnabiles,
247 2523 307 2579 sive
322 2523 481 2595 prudentes
497 2540 530 2578 eo
554 2523 706 2595 simplices
728 2521 891 2594 intelligere
943 2541 1026 2581 suam
1043 2527 1106 2599 ipse
1121 2528 1299 2583 denarrans:
1311 2525 1635 2598 uumquenibncenntt,
1647 2542 1768 2598 nospec·

64 2613 209 2670 debemus
226 2614 262 2668 ad
279 2614 516 2685 pradicationem
528 2613 676 2686 Evangelii
689 2613 889 2684 paenitentiam
943 2617 1147 2674 cassellumino
1173 2620 1227 2674 Deo
1251 2626 1354 2685 nostro,
1383 2620 1519 2688 etlecissc
1543 2618 1620 2673 noble
1650 2619 1769 2674 uitulum

63 2708 196 2778 agentes,
205 2704 290 2776 juxta
300 2705 377 2776 quod
391 2703 460 2760 alibi
469 2705 593 2760 dicitur:
606 2705 733 2761 Homines
742 2713 768 2760 ct
776 2704 890 2775 jumen·
942 2707 1120 2778 conflatilem,
1136 2707 1248 2779 procedi
1262 2713 1327 2764 ante
1347 2707 1494 2762 Dominum
1507 2710 1580 2763 sicut
1592 2709 1685 2779 prius,
1698 2724 1768 2781 qua·

62 2803 91 2854 ta
105 2797 199 2852 saluos
210 2795 428 2868 pacientlomine
438 2794 754 2868 (Psnt.xxxv).l)icendo
770 2799 888 2851 autem:
942 2797 1075 2869 arnqinta
1087 2797 1183 2853 diebus
1197 2805 1223 2853 et
1237 2797 1361 2853 noctibus
1383 2811 1484 2868 punem
1504 2812 1560 2853 non
1573 2798 1725 2865 comedens,
1741 2799 1772 2854 et

64 2888 201 2958 Quiesce
214 2887 240 2942 si
253 2891 467 2951 consummanet
482 2886 608 2956 iquorcat
623 2885 705 2952 bens,
716 2883 888 2955 ambiguum
942 2900 1042 2956 aquam
1055 2901 1110 2941 nou
1126 2884 1219 2941 bibens
1230 2886 1317 2954 (licut.
1335 2885 1384 2955 rx),
1400 2889 1455 2939 etc.
1472 2885 1546 2939 Iram
1566 2901 1649 2941 snam
1665 2884 1697 2941 in
1712 2901 1763 2940 eu-

63 2976 226 3051 ponituret
243 2975 400 3044 incertum,
417 2978 458 3041 ut,
483 2974 553 3030 dum
569 2973 705 3029 homines
720 2972 801 3028 dubii
819 2976 890 3029 sunt
942 2974 1006 3029 dem
1023 2991 1111 3030 causa
1125 2974 1194 3030 loris
1208 2973 1357 3047 patefacit,
1373 2974 1445 3029 dum
1462 2978 1544 3030 stans
1559 2973 1589 3029 in
1606 2982 1765 3046 portunus·

62 3069 100 3125 de
111 3065 218 3137 salute,
234 3082 292 3121 non
308 3071 404 3120 tamen
420 3064 583 3137 desperent,
600 3063 660 3118 imo
676 3062 781 3119 lortius
802 3070 888 3134 agant
908 3096 929 3164 c
945 3072 1068 3134 trorum,
1081 3065 1122 3120 sit
1139 3082 1145 3120 :
1162 3066 1194 3120 Si
1208 3063 1269 3136 quis
1284 3073 1325 3120 est
1339 3064 1593 3136 Dominijunqatur
1604 3063 1685 3132 mibi,
1701 3080 1766 3120 con-

63 3155 279 3231 poenitsnlinm,
297 3157 326 3210 et
351 3153 445 3226 magis
467 3153 559 3209 Deum
575 3158 732 3224 provocent
746 3151 783 3208 ad
799 3152 887 3207 mise·
942 3155 1119 3228 qreqatisqne
1132 3157 1167 3213 uel
1181 3172 1244 3214 eum
1267 3155 1395 3213 omnibus
1418 3155 1487 3227 filiis
1515 3156 1590 3224 leui,
1605 3165 1700 3227 ponat,
1718 3156 1765 3213 in-

63 3246 235 3305 rieordiam.
250 3247 284 3301 Et
298 3244 368 3301 vidit
384 3245 451 3300 Deus
466 3260 551 3315 opera
571 3260 679 3312 corum,
697 3242 764 3315 quia
779 3258 889 3299 conuer-
941 3244 1016 3316 quit,
1032 3247 1077 3301 uir
1090 3246 1219 3318 qladium
1234 3262 1314 3316 cuper
1333 3247 1427 3316 semler
1439 3261 1530 3300 cuum.
1547 3244 1621 3300 lteet
1636 3245 1723 3302 redite
1733 3245 1767 3301 de

57 3342 85 3395 si
97 3340 166 3393 suut
179 3335 213 3392 de
227 3337 274 3391 via
288 3351 339 3390 suu
357 3333 446 3400 maia,
467 3338 494 3390 et
505 3335 634 3389 misertus
649 3343 691 3389 est
710 3335 779 3389 liene
803 3349 888 3405 super
938 3337 1020 3404 porta
1035 3335 1167 3406 usquead
1180 3341 1288 3407 portam
1302 3350 1352 3405 per
1365 3333 1486 3390 medium
1499 3341 1662 3404 castrorum,
1679 3339 1705 3391 et
1718 3349 1763 3391 oc-

56 3429 173 3485 matitic
189 3442 269 3497 qaam
292 3425 397 3480 locutus
420 3427 522 3495 tuerat,
547 3431 577 3478 ut
596 3425 701 3493 faceret
716 3425 766 3488 eis,
789 3432 817 3479 et
833 3440 887 3479 non
939 3423 1012 3479 eldat
1029 3423 1216 3495 unusquisque
1224 3425 1341 3488 [mtrem
1352 3430 1380 3479 et
1392 3424 1526 3488 amicum,
1550 3430 1576 3478 et
1600 3426 1762 3493 proximum

56 3519 136 3590 sccii.
153 3516 217 3573 Non
244 3521 312 3571 tunc
338 3515 463 3585 primum
480 3514 561 3580 vidit,
579 3515 697 3585 quaudo
725 3513 767 3569 sic
793 3511 887 3584 operti
939 3526 1031 3569 suum.
1043 3515 1224 3584 deserantque
1236 3515 1287 3580 itu,
1298 3511 1507 3582 cecideruntque
1518 3512 1546 3566 in
1563 3512 1613 3567 illo
1627 3510 1673 3567 die
1684 3516 1764 3584 quusi

60 3612 145 3673 sunt,
163 3607 383 3676 non,inquam,
406 3601 707 3675 tuneprimumvidit
725 3616 886 3658 succusso·
939 3603 1114 3677 uiqintitria
1135 3602 1228 3658 millia
1251 3603 1394 3659 trerminum
1422 3600 1519 3673 (neoc.
1549 3602 1646 3672 xxxn).
1676 3603 1761 3659 Porro

60 3712 142 3762 rum,
159 3695 277 3768 quando
292 3709 323 3749 se
339 3692 399 3748 illis
413 3690 583 3761 vestierunt,
600 3690 648 3746 sed
659 3689 838 3760 jamdudum
849 3688 889 3745 vi·
939 3694 1028 3750 verba
1042 3695 1105 3764 ejus
1117 3693 1241 3748 nimium
1254 3690 1380 3747 dolentis
1396 3695 1424 3746 et
1435 3690 1534 3745 nlssicti
1548 3689 1604 3746 ista
1619 3694 1704 3746 sunt:
1714 3690 1764 3747 Ob·

60 3785 147 3841 derat
162 3783 335 3857 priusquam
349 3782 476 3838 mitteret
487 3779 557 3836 illuc
573 3779 757 3852 prophetam,
769 3780 887 3851 quando
938 3799 1013 3840 cerro
1023 3781 1243 3850 nutem,de'mitte
1256 3780 1296 3835 eis
1312 3780 1382 3834 banc
1397 3789 1560 3848 noeumane
1575 3779 1601 3834 si
1615 3795 1669 3835 non
1679 3781 1761 3850 sacis,

57 3873 223 3946 prophetes
238 3871 390 3929 occidebat
405 3869 494 3927 lsrael
517 3868 711 3942 praedicentes
726 3867 885 3924 instantem
938 3871 997 3930 dete
1011 3888 1055 3927 me
1069 3870 1102 3927 dc
1117 3871 1187 3927 libro
1202 3873 1251 3926 tun
1266 3885 1345 3940 quem
1359 3867 1495 3939 scripsisti
1510 3867 1610 3938 (ibid).
1623 3868 1723 3938 ltaque
1735 3872 1764 3924 et

56 3963 115 4020 sibi
127 3960 339 4035 captivitatem,
356 3963 384 4014 et
395 3976 451 4015 non
469 3958 599 4014 incertus
615 3957 782 4030 prescierat
795 3957 884 4029 quod,
939 3963 1028 4034 hujus
1041 3959 1229 4017 elllictionem
1247 3964 1275 4015 et
1289 3959 1374 4027 iram,
1391 3963 1420 4015 et
1439 3958 1527 4013 verbu
1542 3958 1682 4014 dicentis:
1701 3957 1760 4013 ru-

56 4051 81 4108 Ιί
99 4050 190 4122 longe
206 4049 241 4104 ad
258 4052 361 4120 gentes
386 4046 515 4102 mitteret
536 4043 708 4116 prophetas,
732 4042 790 4100 lule
813 4044 884 4116 quid
938 4049 1215 4124 te‚quceso‚animcm
1224 4064 1324 4115 meam,
1338 4046 1438 4103 eodem
1450 4062 1539 4102 sensu
1551 4047 1759 4118 ponderemus,

55 4139 237 4204 nuntiando,
254 4135 296 4192 illi
311 4135 447 4191 audirent
472 4140 498 4190 el
523 4131 727 4206 paenitentiam
753 4136 883 4204 agerent.
937 4140 1008 4213 quie
1026 4138 1161 4196 videlicet
1176 4138 1242 4193 inde
1258 4137 1386 4192 sillictus
1400 4140 1444 4192 est
1464 4135 1622 4191 sillictione
1639 4150 1759 4207 magns,

57 4229 131 4286 Vidi!
141 4244 223 4300 8¹8⁰,
239 4226 268 4281 id
284 4229 328 4282 0⁸¹
347 4224 445 4280 vidire
471 4222 549 4295 fflssits
566 4239 618 4294 l)er
632 4220 688 4279 1¹⁰⁰
704 4222 885 4293 experimen·
936 4230 1014 4302 quod
1030 4227 1118 4285 lsrael
1129 4226 1242 4298 judicio
1258 4225 1356 4281 divino
1372 4224 1505 4291 cadebat,
1517 4227 1546 4279 et
1560 4223 1589 4279 in
1607 4240 1757 4295 compara·

53 4324 130 4386 tum,
147 4334 236 4389 quam
252 4314 431 4372 damnabilis
445 4316 523 4369 estet
547 4312 649 4381 lsrael.
669 4313 699 4369 in
729 4328 882 4385 comparu-
936 4318 1015 4376 tione
1029 4319 1093 4390 ojus
1101 4313 1632 4387 justificabaturNinive,bssyrioram
1644 4313 1756 4382 civitas,

54 4405 292 4479 ῑὶῡῠθεθῠῑῐΰῑῦ,
309 4412 414 4460 utnon
432 4403 526 4460 mlum
543 4403 702 4476 prophete,
719 4402 816 4460 ⁸0dt³i
840 4407 882 4458 io·
935 4407 1080 4464 credendo
1099 4410 1128 4462 et
1156 4404 1357 4477 peonitentiam
1383 4403 1506 4474 agendo,
1536 4418 1588 4459 nec
1614 4402 1756 4474 refragari

50 4505 102 4556 tus
114 4497 198 4555 orbis
212 4501 357 4552 terrarum
380 4493 514 4562 audiens,
536 4495 652 4566 justum
678 4493 882 4565 comprobaret
896 4468 920 4533 Ῑ)
936 4501 1048 4570 poterat
1063 4496 1133 4567 quin
1151 4499 1229 4551 recta
1244 4498 1323 4550 esset
1337 4491 1533 4563 sententia‚ac
1544 4491 1626 4562 justa
1640 4492 1758 4546 incum-

53 4604 120 4644 esse
133 4585 282 4658 judicium
298 4583 328 4640 in
339 4600 373 4641 eo
388 4583 465 4655 quod
482 4583 618 4655 gentibus
635 4582 710 4638 Dens
726 4582 880 4638 miserere·
935 4588 1084 4643 berotsuae
1100 4585 1179 4656 genti
1191 4581 1474 4656 captivitasdtllixit
1489 4597 1519 4637 se
1534 4585 1629 4637 Moses
1641 4595 1692 4652 pro
1704 4597 1757 4653 po·

53 4683 115 4746 tur,
133 4674 234 4733 Israeli
249 4690 307 4730 nnn
323 4673 523 4740 misereretur,
539 4687 572 4728 eo
588 4673 666 4745 quod
682 4676 882 4728 conuertercn·
935 4676 1015 4750 pulo,
1026 4680 1058 4730 ut
1068 4670 1401 4738 exaudiretur,alllictus
1411 4673 1456 4726 est
1468 4669 1514 4725 ille
1525 4669 1684 4726 afflictione
1695 4685 1756 4726 rna·

52 4772 103 4822 tur
119 4765 156 4821 ds
171 4764 282 4821 viasua
293 4761 477 4833 muln‚lsrael
490 4765 587 4818 nutsm
603 4760 879 4834 perseveraremus·
934 4780 1039 4838 ganeo
1052 4764 1130 4835 quod
1147 4779 1204 4818 non
1221 4760 1419 4816 exaudiretur.
1432 4758 1526 4815 leatus
1541 4761 1586 4815 est
1605 4758 1701 4814 Moses
1712 4759 1756 4813 ira

51 4872 110 4929 que
128 4854 311 4928 poenitentia.
328 4852 466 4909 ltalitiem
483 4850 531 4907 hie
541 4867 592 4922 pro
602 4849 760 4906 afflictione
773 4849 879 4922 accipi·
930 4856 1012 4924 juata
1026 4852 1123 4910 etzelo
1138 4852 1212 4908 bono
1226 4848 1349 4906 diceudo
1361 4865 1367 4903 :
1380 4850 1472 4904 Ponat
1485 4851 1528 4904 uir
1539 4847 1663 4918 qtadr'um
1673 4863 1758 4919 super

52 4964 133 5013 mus,
150 4947 179 5003 id
196 4948 240 5002 est
255 4962 307 5020 pro
319 4941 724 5012 subversioneNinivs,quam
736 4939 878 4997 lueratlo·
933 4946 1026 5015 (emur
1039 4958 1132 5010 eurem,
1147 4939 1357 5010 cecideruntque
1377 4938 1480 5009 uiqinti
1495 4941 1555 4994 tria
1569 4937 1676 5004 millia,
1701 4937 1756 4995 iste

49 5042 150 5106 cutus,
166 5053 255 5108 quam
269 5051 320 5108 per
345 5034 515 5106 prophetam
545 5032 639 5088 luerat
667 5031 878 5088 comminatus.
934 5038 1031 5089 autem
1048 5031 1141 5087 iratus
1155 5028 1272 5102 quidem
1285 5027 1397 5093 est‚sed
1410 5044 1466 5083 non
1484 5027 1578 5098 potuit
1590 5028 1659 5082 iram
1671 5043 1756 5083 suam

49 5129 109 5183 Nec
124 5141 195 5185 vern
208 5122 415 5180 mutabilitatis
438 5125 494 5189 est,
520 5119 598 5191 quod
628 5119 713 5190 quasi
733 5119 879 5190 poenitens
933 5128 998 5178 ectu
1013 5119 1225 5192 adimplerent
1240 5122 1385 5174 everteret
1399 5116 1473 5172 iram
1489 5115 1633 5172 Dominia
1648 5117 1757 5190 populo

47 5219 127 5273 Deus
140 5228 219 5285 sape
234 5211 370 5278 dimittit,
385 5210 463 5284 quud
476 5209 571 5265 fuerat
586 5207 794 5275 comminutus,
817 5207 877 5265 imo
933 5209 1129 5286 puniendo,id
1140 5213 1184 5265 est
1194 5206 1399 5264 suctoressive
1409 5206 1574 5262 sacerdotes
1585 5204 1756 5276 vitulorum,

47 5307 177 5367 maxime
193 5303 365 5362 stabilitatis
376 5308 405 5360 et
429 5302 521 5359 animi
544 5310 589 5357 est
614 5301 877 5368 incommutabilis,
933 5301 1010 5358 sicut
1027 5298 1100 5355 Elius
1115 5313 1232 5370 qunque
1246 5296 1391 5353 occiderat
1406 5296 1573 5351 sacerdotes
1589 5293 1669 5362 Baal,
1682 5310 1754 5366 qua·

48 5400 120 5472 quta
136 5392 331 5453 ridelicotilla
347 5393 554 5460 intentionem
565 5390 766 5463 penitentiam
777 5394 877 5463 agunt,
934 5391 1105 5462 dringentos
1121 5387 1336 5459 quinquaginta
1351 5386 1427 5440 viros
1438 5385 1485 5456 (lll
1500 5387 1563 5454 lteq.
1577 5385 1670 5454 xvnr).
1691 5382 1755 5436 Te-

51 5488 127 5547 eolet
141 5482 319 5542 comminari
335 5481 546 5556 peccatoribus.
566 5479 689 5535 Proinde
704 5482 732 5535 et
747 5478 795 5535 hio
811 5496 877 5536 curn
932 5481 980 5539 dio
995 5496 1061 5551 ergo
1077 5478 1188 5534 hebens
1203 5477 1290 5533 sitam
1301 5494 1395 5547 sunm,
1408 5493 1464 5532 non
1481 5476 1554 5532 dixit
1567 5490 1632 5530 oum
1649 5471 1752 5529 condi·

50 5579 139 5636 dicit:
151 5575 253 5634 Adbuc
265 5572 454 5648 quadraqiutc
468 5572 536 5641 dies,
547 5578 572 5628 et
582 5571 680 5627 Niniue
693 5570 874 5628 subverletur.
932 5571 1021 5640 tione,
1040 5574 1072 5626 ut
1086 5569 1191 5626 Moses.
1209 5568 1260 5626 but
1275 5567 1383 5624 dimitte
1393 5566 1432 5623 cis
1448 5568 1519 5625 banc
1530 5582 1644 5633 noxam,
1655 5571 1712 5633 aut,
1724 5566 1751 5620 si
