3832 6008
86 206 127 271 85
633 205 810 271 busseul
831 206 1003 271 seueris
1022 207 1246 274 t'utrlurtffls
1749 215 1792 280 36

85 341 467 401 tiuilatisfornicarieillius
477 338 769 398 lNirnirumdissvsl
779 345 907 412 ternpus,
921 343 950 411 A
965 357 1029 414 que
1039 359 1074 400 ex
1088 359 1138 401 ors
1153 343 1243 415 ttttus,
1257 344 1404 402 audiendo
1418 347 1543 405 llsrbum
1559 348 1699 406 doctrine
1720 367 1790 422 prn-

85 434 202 507 qunndo
219 435 248 488 in
264 437 420 506 AEpyptnm
436 432 653 488 descenderunt
667 438 764 502 petrae
778 432 855 502 eius,
878 436 909 488 el
960 430 1120 496 licit.eic.io
1132 434 1239 489 melam
1253 443 1365 506 portam
1380 435 1480 492 anima
1490 434 1628 508 quelibet
1639 438 1786 498 malorum

86 525 231 594 peregrini
251 528 317 579 tacti
334 531 404 578 sunt
418 522 447 577 in
465 528 543 577 terra
560 537 616 576 non
632 537 697 585 sua,
723 523 759 577 ob
787 538 819 578 se
843 537 908 594 que
959 522 1143 579 adinventrix
1159 531 1262 590 meter.
1277 532 1308 581 et
1321 527 1371 598 qui
1396 527 1433 582 eb
1458 527 1509 584 illa
1532 528 1680 601 decipitur
1706 529 1790 588 lilius

6 642 10 647 ·
84 614 145 670 illis
161 614 305 685 promissa
321 613 424 674 literni.
440 611 491 666 lllii
506 611 606 672 leonb.
624 621 740 683 propter
755 611 852 667 scelus
878 612 908 668 iu
958 617 1014 669 est.
1031 613 1103 684 drgo
1119 614 1148 670 in
1166 616 1274 687 populo
1289 614 1339 672 illo
1352 615 1507 673 forniceris
1523 624 1617 673 meter
1631 619 1787 693 synogoga

88 705 206 759 tratrem
224 719 310 758 suurn
327 700 448 771 loseph,
464 716 551 771 quem
564 698 768 758 vendiderunt.
777 699 850 756 Nam
865 699 909 755 id·
957 706 1013 759 eet.
1030 703 1123 775 etqui
1139 705 1176 759 eb
1189 703 1256 775 ipse
1270 706 1459 777 decipiuntur
1469 707 1623 778 populares
1636 707 1687 765 sitii
1702 716 1785 769 sunt.

82 791 159 848 circo
175 799 202 847 et
219 794 325 846 lennem
341 792 450 847 vocavit
468 789 545 846 Deus
557 790 847 862 super-terraeque
858 788 907 845 Jo·
958 792 1628 867 Quemvisautemplusdamnetloniesitmstri
1638 798 1788 870 ejusmodi

83 883 154 953 seph
171 883 208 937 ab
225 881 284 936 illis
300 881 330 936 in
346 895 463 935 seruum
475 879 658 935 venundatus
674 885 729 943 est,
744 885 774 935 et
798 880 907 936 idcireo
959 896 1049 952 quam
1067 881 1146 947 titiis,
1162 889 1260 939 tamen
1273 900 1344 956 quie
1359 901 1460 956 parum
1477 886 1565 942 distet
1581 886 1610 942 in
1626 887 1694 944 virio
1707 891 1789 945 «leoi-

80 969 109 1026 io
126 970 280 1041 AEpyptum
298 969 510 1025 descendentes
527 965 668 1038 pereprtnt
682 967 761 1032 lacti,
773 972 802 1023 et
813 967 907 1039 juste,
959 986 1027 1045 pere
1041 977 1072 1027 st
1086 969 1179 1041 decipi
1194 987 1289 1042 posse,
1313 980 1390 1031 recte
1415 980 1444 1030 et
1468 975 1497 1031 in
1526 977 1599 1033 titios
1623 976 1788 1034 effunditur

73 1060 176 1131 llll&
193 1065 248 1114 ⁰⁶⁰
265 1056 461 1130 Ρθῐῐῐῑῑῑῑθῦῑθυ
477 1055 613 1113 winuli
629 1054 742 1111 ⁸⁰b⁸⁰ll
759 1063 839 1112 ³⁰⁰2·
863 1055 906 1112 lbi
960 1077 1091 1127 materna
1105 1072 1267 1142 demnatio‚
1283 1071 1353 1127 dum
1369 1073 1461 1130 dicit:
1477 1075 1509 1130 Et
1524 1075 1787 1144 filiorumeiusrros

78 1157 149 1206 nate
163 1156 209 1205 est
224 1150 280 1204 iste
293 1147 449 1203 fornicaria
463 1146 704 1218 mulier,quiaibi
715 1145 908 1218 germinanti·
957 1162 1117 1219 „gemm
1134 1167 1229 1230 Qum
1241 1164 1251 1216 ‚a
1262 1161 1406 1235 Quoniam
1419 1163 1485 1232 filie,
1502 1164 1609 1237 inquii,
1620 1165 1786 1234 fornicario.

80 1249 136 1304 bus
151 1253 180 1303 et
192 1244 476 1316 multiplicatislltiis
489 1244 906 1316 lsrasl‚gensdopeucissi1nis
956 1266 1025 1307 eum
1039 1256 1115 1308 eunt.
1132 1253 1216 1320 Quod
1229 1251 1308 1308 idem
1324 1258 1369 1307 est
1383 1269 1417 1308 ec
1432 1253 1457 1309 sl
1475 1254 1564 1323 dicas,
1590 1255 1729 1325 quoniam
1755 1261 1787 1314 et

80 1337 252 1394 bominibus
269 1338 343 1392 lacta
359 1341 412 1392 est.
431 1335 465 1391 bs
481 1334 577 1406 quetis
591 1335 658 1400 iste.
683 1334 720 1391 de
743 1350 804 1407 qua
828 1349 906 1390 nuno
957 1339 1015 1414 ipsi
1030 1341 1246 1412 incorrigibiles
1262 1341 1325 1398 sies
1338 1341 1541 1399 immutabiles
1556 1348 1638 1401 sont.
1654 1345 1728 1401 Nem
1748 1347 1786 1403 ds

78 1429 187 1499 egitur,
202 1427 240 1481 ibi
254 1432 322 1481 nuta
332 1432 378 1480 est
389 1427 402 1480 l
415 1423 520 1492 Utique
531 1424 609 1480 nuda
622 1424 755 1480 nuditate
767 1427 903 1496 utreque,
956 1429 1066 1486 talibus
1080 1429 1230 1501 Sapientis
1246 1429 1382 1503 loquens,
1392 1447 1460 1488 cum
1474 1431 1617 1489 dixisset:
1630 1433 1682 1491 Sed
1694 1436 1786 1506 perti·

79 1516 115 1572 de
129 1532 188 1589 qua
202 1516 262 1587 jain
280 1516 391 1571 dictum
407 1522 472 1571 est:
487 1531 554 1570 nam
570 1516 647 1585 quod
661 1513 745 1570 bools
755 1514 905 1569 exteriori·
957 1518 1008 1576 bus
1022 1518 1148 1583 iudiceris
1161 1519 1247 1576 dulus
1261 1524 1350 1576 locum
1364 1520 1543 1592 penitencia,
1555 1523 1696 1580 continuo
1711 1525 1786 1581 gub.

80 1606 136 1663 bue
149 1613 177 1663 et
194 1606 272 1661 omni
291 1606 428 1661 telicitate
444 1615 567 1671 terrene,
583 1611 654 1660 tuc
672 1603 702 1659 in
728 1603 779 1660 illo
802 1611 904 1659 exortu
952 1610 1054 1681 junxi
1069 1624 1076 1666 :
1092 1611 1154 1666 lies
1170 1611 1303 1681 macrone
1325 1614 1457 1682 quomodo
1486 1613 1587 1685 inique
1611 1618 1654 1670 ess
1680 1618 1786 1671 msera

79 1712 134 1753 suo
152 1696 231 1751 nuda
245 1695 405 1760 luerit,lsre
422 1709 508 1749 nemo
525 1694 626 1749 nescit.
645 1692 745 1765 Neque
759 1695 838 1749 euim
854 1696 905 1747 eut
919 1724 943 1792 B
956 1717 1064 1767 eorum,
1086 1710 1113 1757 η
1137 1703 1281 1758 „alumne
1295 1701 1406 1759 mamm
1422 1705 1557 1775 imorum,
1580 1714 1609 1761 ep
1632 1705 1703 1778 μω
1728 1721 1784 1763 m

79 1802 199 1859 regnum
217 1792 266 1841 aut
278 1785 473 1859 principemus
487 1782 615 1855 aliquem
632 1791 700 1839 tuno
711 1781 904 1852 babebat‚neo
954 1789 1040 1863 poesie
1056 1792 1160 1847 meteri
1173 1792 1303 1859 cupidinis
1317 1792 1431 1848 illorum
1445 1796 1475 1848 in
1489 1796 1663 1863 perpetuum.
1684 1794 1783 1853 &mes

77 1876 107 1932 in
132 1876 230 1948 aliquo
255 1875 353 1932 srrcnli
381 1876 471 1944 bujus
497 1874 608 1929 bonore
631 1873 751 1947 gloriari
782 1877 902 1946 poterat,
955 1877 1783 1956 memmimaiestatemnefneew(sap,11i),‘r01um1100

77 1966 196 2040 quando
212 1968 268 2022 sub
285 1963 410 2035 usgettts
424 1970 453 2020 et
464 1963 634 2019 verberibus
649 1964 677 2019 lu
696 1964 757 2020 lutu
772 1970 801 2019 st
813 1963 904 2020 latere
955 1972 1131 2037 exprimitur
1145 1971 1192 2027 hin
1209 1972 1333 2027 breviter
1348 1988 1400 2045 pm·
1424 1975 1478 2029 1100
1498 1972 1623 2041 priorum,
1648 1973 1782 2047 ommium

26 2084 29 2089 ·
76 2056 186 2112 talibus
200 2063 230 2111 st
245 2062 286 2109 tot
296 2054 425 2110 dominis
441 2051 635 2108 illudentibus
646 2053 803 2110 serviebat.
816 2054 903 2110 Porro
955 2061 1011 2132 μὴ·
1021 2061 1238 2132 semanimem
1253 2067 1327 2127 enee,
1341 2067 1373 2118 ut
1386 2062 1521 2120 videliac
1536 2063 1781 2138 ,umquam

77 2149 155 2218 quod
172 2145 265 2216 gloria
281 2159 400 2216 quoque
415 2141 465 2199 Dei
481 2148 598 2214 patrum
613 2158 736 2198 suorum
749 2143 829 2198 nuda
841 2142 902 2197 lue·
954 2150 1056 2223 iniqua
1068 2154 1170 2208 aarum
1183 2167 1279 2208 eorem
1292 2155 1319 2207 pt
1332 2152 1472 2207 naturane
1487 2151 1598 2209 metm
1608 2154 1742 2221 §pepp-m,
1753 2162 1782 2211 el

76 2238 113 2291 rit
129 2238 157 2289 ln
174 2235 285 2290 eisdem
312 2234 460 2289 nutelibus
476 2233 549 2299 suia,
577 2234 626 2305 qui
653 2232 769 2289 nescit?
789 2232 903 2289 Servis·
954 2240 1026 2314 qnod
1039 2254 1094 2296 son
1108 2243 1194 2311 possit
1207 2239 1313 2296 melori
1333 2243 1462 2312 coqdotio
1486 2239 1608 2312 ipsorum
1631 2243 1662 2298 in
1684 2258 1782 2314 perpe·

77 2326 126 2381 bnt
140 2324 218 2381 enirn
235 2325 293 2381 diis
308 2339 426 2396 quoque
443 2324 619 2381 monstrosis
633 2322 820 2379 dominorum
836 2340 903 2380 suo·
954 2349 1045 2399 mum,
1057 2344 1086 2395 οι
1101 2340 1178 2413 quoq
1193 2339 1249 2412 5933
1266 2355 1358 2411 mque·
1371 2348 1401 2396 up
1417 2339 1578 2396 morphe}
1590 2347 1619 2396 η
1629 2340 1719 2399 qphoep
1730 2358 1779 2398 90,

77 2432 143 2472 lum
159 2423 188 2471 θῑ
203 2417 409 2488 Rsslllllfflfflss,
424 2417 508 2483 lilla
522 2413 594 2469 ”¹¹¹⁶
612 2415 812 2486 lll⁰l³h0fi⁰¹¹¹¹l
833 2414 900 2471 32⁰·
954 2444 1022 2484 men
1041 2427 1186 2484 maledicti
1202 2427 1344 2484 suotNec
1355 2444 1421 2485 vero
1433 2428 1603 2499 hujusmodi
1615 2411 1774 2487 dictiscul-

75 2505 179 2561 cbirlis
195 2505 419 2561 testiinonium:
444 2504 500 2560 Fili
526 2501 659 2566 beverinis.
684 2503 746 2560 dae
770 2504 902 2560 mulieres
955 2522 1043 2588 peter
1057 2521 1161 2573 nature
1176 2533 1263 2587 quern
1280 2519 1355 2573 licus
1370 2518 1492 2585 creavit,
1513 2518 1562 2574 sed
1576 2519 1777 2576 vehementia.

74 2597 145 2667 filsae
159 2598 257 2650 'illisi
273 2596 358 2650 “lili
370 2597 489 2665 sumni
502 2603 528 2649 0‘
541 2595 688 2663 l'lttl'clloe
701 2603 765 2650 ”ml
779 2594 808 2650 ll
820 2595 900 2665 AEut·
953 2607 1029 2665 sime
1046 2606 1344 2673 redomuitnrabusio
1361 2615 1482 2673 nature,
1497 2623 1532 2663 eo
1547 2609 1625 2680 quod
1642 2607 1778 2665 enuidens

72 2692 131 2758 ΡΜ,
147 2688 177 2740 θ’
192 2685 375 2741 “d‘’ltlie'elll'fl
387 2700 439 2739 *Μ
452 2686 599 2754 {wilm
613 2687 678 2739 ”llll
702 2683 753 2746 5⁶²3
776 2684 817 2740 ‘'l''
837 2684 901 2740 ⁸⁸¹0·
954 2696 1065 2754 malitie
1083 2712 1133 2768 per
1148 2696 1394 2752 consuetudinem
1408 2696 1438 2752 io
1459 2702 1595 2753 naturum
1620 2713 1705 2753 versa
1730 2698 1780 2753 sit.

75 2792 143 2843 ortu
156 2792 220 2843 cunt
236 2786 650 2854 uberceurumetsrnclerunt
661 2799 788 2840 memore
798 2785 901 2848 nuber-
951 2789 1034 2846 lusto
1049 2803 1119 2857 erpo
1135 2788 1248 2843 retione
1262 2786 1438 2843 sententiam
1455 2787 1596 2855 defendit,
1616 2803 1675 2859 qua
1697 2788 1781 2844 dixe·

76 2881 142 2936 letis
156 2893 263 2934 eurum.
280 2877 395 2930 ,lnnsne
408 2879 502 2930 cutem
517 2889 624 2941 ereren,
650 2874 727 2931 (lello
751 2878 852 2944 major,
874 2882 901 2930 st
953 2888 1007 2942 rat,
1023 2879 1056 2934 Er
1072 2875 1201 2948 filiorum
1215 2878 1280 2947 ejus
1303 2877 1353 2932 w
1378 2891 1432 2932 sion
1457 2876 1617 2942 miserebor,
1642 2876 1778 2946 dicende,

75 2970 173 3028 ultrei
190 2984 268 3023 soror
282 2968 340 3038 ejnr
353 2965 456 3022 nrinor.
472 2965 504 3020 Es
518 2965 601 3021 bubni
615 2981 672 3030 eus,
688 2969 713 3021 el
735 2975 899 3036 pepererunt
951 2967 1085 3040 quonium
1098 2965 1155 3036 fitis·
1179 2969 1398 3037 tornicotionum
1420 2971 1493 3022 sunt.
1522 2966 1724 3023 Nihilominus
1748 2970 1779 3024 st

1 3079 2 3084 ¹
72 3058 145 3132 filins
160 3062 186 3114 et
200 3058 275 3129 filices
290 3055 396 3128 (dcccli.
412 3056 503 3127 sarri),
515 3060 544 3111 ct
560 3054 684 3127 relique.
698 3055 788 3128 igitur
800 3071 897 3111 eccun-
953 3057 1086 3113 eamdem
1103 3057 1244 3112 rationem
1262 3057 1403 3112 conttrma
1416 3071 1513 3112 sermo
1525 3055 1574 3110 liei
1591 3062 1776 3114 concertetur

74 3149 139 3205 dum
154 3146 227 3203 diem
242 3148 397 3201 nctiru'tntu
410 3160 466 3201 sue
479 3151 599 3200 statuum
619 3146 700 3200 illem
723 3161 790 3202 cum
815 3145 897 3216 dicit,
952 3143 1173 3218 insuperabilis,
1188 3146 1395 3217 subiungsudo
1407 3160 1414 3199 :
1428 3144 1500 3215 Quin
1513 3148 1651 3215 fornicato
1665 3157 1705 3203 ert
1716 3162 1777 3202 mo·

74 3239 144 3313 qnid
161 3236 398 3292 subaudiendum
415 3243 470 3298 est,
485 3236 551 3302 nisi,
569 3241 601 3291 ut
618 3236 680 3306 lam
707 3235 898 3308 premiserat,
951 3239 1113 3293 cereorum.
1130 3234 1299 3291 Meminisse
1314 3250 1441 3307 nemque
1454 3234 1607 3303 debemus,
1625 3235 1695 3308 quie
1707 3251 1779 3308 pree·

74 3328 183 3384 nudum
201 3334 231 3382 et
245 3325 434 3396 expoliatam,
450 3326 560 3381 nudam
576 3341 593 3380 o
609 3326 703 3397 gloria
724 3327 811 3382 unius
838 3327 898 3396 bei,
951 3341 1020 3383 sens
1036 3326 1117 3381 locus
1128 3325 1272 3394 judicatio
1286 3323 1416 3380 estinter
1427 3324 1611 3381 forniceriarn
1624 3330 1780 3382 eternaton

74 3416 265 3488 exspoliatam
281 3434 298 3472 a
314 3416 402 3471 rebus
424 3414 467 3470 vel
494 3415 603 3472 bonore
625 3416 718 3487 regni,
742 3415 898 3487 omnisque
951 3431 1012 3473 rem
1027 3415 1090 3484 ejus
1105 3414 1251 3486 quondam
1269 3413 1420 3478 Dertm‚ab
1435 3430 1469 3469 eo
1485 3415 1562 3486 quod
1580 3413 1643 3470 sit:
1658 3415 1778 3471 ludicu-

76 3508 211 3581 potentie
226 3504 405 3577 temporalis.
421 3505 499 3561 sicut
514 3510 586 3572 crat,
603 3506 721 3577 quoodo
732 3509 760 3561 io
776 3510 898 3577 AEeypto
952 3508 989 3573 te,
1004 3508 1121 3560 matrem
1135 3511 1254 3560 uestrum
1266 3502 1399 3574 judicate.
1429 3502 1554 3559 Dederat
1579 3518 1710 3575 nemque
1734 3501 1780 3558 illl

75 3597 204 3654 servivit.
218 3595 254 3653 dt
270 3600 338 3652 note
352 3611 440 3666 quam
457 3596 572 3668 proprie
583 3595 772 3666 subjunxerit
783 3594 898 3652 adbuc:
950 3595 1174 3665 optionemsive
1188 3593 1312 3649 liberum
1325 3592 1494 3656 arbitrium.
1506 3592 1647 3648 dicendo:
1662 3594 1777 3663 rlulerel

73 3687 107 3744 Et
123 3703 225 3759 pontem
243 3704 305 3742 eom
326 3685 408 3759 quusi
427 3685 619 3756 solitudinem,
643 3691 669 3743 el
691 3693 814 3743 statuum
835 3702 899 3743 eom
949 3685 1148 3759 lornimtr'ones
1161 3698 1235 3750 suits,
1253 3682 1433 3739 subauditur
1447 3681 1471 3737 si
1488 3680 1558 3737 velit
1573 3682 1682 3738 mutari
1709 3697 1778 3737 aen·

70 3779 146 3838 uelut
173 3784 281 3837 terrun
295 3778 413 3848 inuium,
429 3781 456 3834 el
471 3777 638 3848 interficiam
660 3794 720 3835 eum
749 3778 809 3835 siti.
835 3778 899 3835 Non
951 3773 1073 3831 mutiam
1087 3772 1231 3847 quadiu,
1245 3773 1374 3843 quonium
1394 3773 1456 3842 ipsu
1480 3787 1534 3827 son
1557 3785 1629 3828 secor
1653 3786 1727 3837 mec,
1752 3772 1779 3826 et

71 3868 145 3926 dixit
155 3886 163 3926 :
174 3875 207 3924 tlt
219 3870 325 3924 ducam
342 3885 406 3924 ram
424 3883 476 3940 per
490 3867 679 3923 solitudinem
692 3875 719 3923 et
729 3883 781 3941 per
792 3876 897 3924 terrem
950 3880 999 3936 epo
1016 3881 1070 3919 non
1086 3864 1130 3920 uir
1142 3865 1211 3935 ejus.
1233 3866 1271 3916 et
1285 3860 1336 3918 ille
1351 3861 1540 3935 pertinaciter
1554 3864 1720 3933 perseverat
1746 3861 1777 3918 in

72 3960 195 4030 luviem,
210 3961 286 4030 quod
305 3956 370 4013 lecit
386 3963 456 4012 tunc
472 3961 538 4028 post
550 3956 626 4011 diem
643 3954 896 4029 nativitatisque,
951 3952 1194 4011 fornicationibus
1209 3950 1283 4019 suis,
1300 3955 1328 4006 et
1344 3950 1490 4008 adulteris
1512 3949 1618 4023 diligit.
1636 3948 1778 4023 Sequitur

71 4049 191 4122 u⁰⁸⁰d⁰
205 4048 306 4104 ⁶⁶⁰¹st
321 4045 401 4102 mim
422 4045 458 4102 ‘¹⁰
472 4051 551 4101 ΝΜ
574 4045 700 4118 AEpypti,
724 4046 775 4101 ⁸⁰⁶
802 4045 897 4119 ipsam
949 4068 1028 4126 ergo.
1045 4052 1077 4108 Et
1091 4053 1205 4121 confuse
1219 4059 1258 4106 est
1281 4064 1343 4123 qne
1361 4051 1485 4121 concepit
1507 4064 1563 4113 eos,
1589 4046 1657 4121 quin
1681 4047 1776 4105 dieii:

68 4155 186 4213 porrum,
203 4137 310 4208 inquit.
325 4137 408 4208 qumi
420 4136 609 4199 solitudinem,
625 4142 652 4191 et
666 4134 758 4202 ipsam
772 4139 899 4190 statuum
953 4142 1054 4199 Variam
1068 4151 1129 4211 post
1142 4144 1281 4196 amotores
1309 4154 1395 4208 meos,
1422 4140 1472 4212 qui
1483 4137 1553 4194 dant
1566 4153 1652 4209 pones
1666 4135 1737 4192 ens'br
1751 4139 1777 4192 el

71 4229 153 4302 qumi
167 4228 426 4296 urrnms'neinmmt
441 4224 680 4296 ipsasolitudnet
695 4224 897 4281 terradescrta
949 4248 1034 4306 pqnns
1048 4246 1132 4298 meus,
1149 4230 1245 4286 lunum
1264 4243 1353 4285 meum
1381 4235 1407 4284 et
1435 4227 1533 4283 limum
1557 4242 1663 4297 meum,
1687 4226 1777 4283 oleum

70 4319 133 4375 sive
148 4316 227 4371 invia
246 4317 295 4372 sit.
309 4314 430 4372 Deserta
446 4330 462 4369 ι
479 4311 633 4379 Demissis
648 4321 678 4369 et
692 4312 825 4370 solitarie
839 4313 896 4370 sci·
949 4337 1041 4378 meum
1054 4331 1080 4376 et
1093 4331 1187 4390 perun
1202 4334 1303 4374 meum
1315 4347 1350 4359 -
1365 4316 1488 4388 confuse
1501 4325 1554 4384 est,
1579 4314 1688 4388 lnquit,
1712 4328 1778 4387 quse

71 4416 141 4474 licet
155 4421 184 4473 st
198 4416 278 4473 omni
293 4415 436 4471 destituta
451 4418 621 4470 sanctorum
637 4411 807 4486 angelorum
834 4413 894 4470 lre·
948 4409 1071 4482 concepit
1085 4425 1141 4473 eos,
1156 4407 1291 4464 videlicet
1305 4408 1455 4477 quomedo
1470 4404 1612 4462 conlundi
1625 4404 1701 4461 solet
1723 4403 1774 4477 qui

70 4505 200 4580 quentis.
210 4511 239 4560 et
254 4502 404 4561 llicbsslis
419 4502 568 4576 quondam
586 4501 728 4575 principis
742 4503 787 4558 sui
800 4504 894 4575 pervi-
948 4499 1129 4558 convincitur
1143 4503 1171 4554 et
1184 4513 1274 4554 censa
1287 4496 1366 4552 cadit
1379 4495 1409 4552 in
1430 4495 1554 4564 ludicro,
1579 4510 1639 4550 non
1662 4493 1778 4551 babens

70 4597 121 4669 pili
138 4595 359 4668 presidioltern
376 4608 432 4648 non
448 4591 522 4648 dixit
539 4607 546 4649 :
564 4591 594 4646 u
611 4591 739 4665 fatigabo
753 4606 817 4648 euro
832 4592 893 4662 siti,
948 4591 1130 4663 quodcuntra
1141 4587 1255 4658 iudices
1268 4585 1329 4643 sive
1348 4590 1533 4643 accusatores
1553 4581 1776 4657 pessimatus,

70 4687 147 4758 quod
164 4685 266 4741 itidem
282 4689 354 4740 tunc
369 4681 479 4738 iactum
491 4681 669 4755 sst‚quando
682 4682 893 4753 posteumdem
948 4676 1105 4736 manifesto
1134 4681 1223 4749 atque
1251 4672 1442 4731 inexcusabili
1468 4672 1621 4729 convictus
1639 4670 1775 4727 crimine.

70 4777 150 4832 diem
166 4772 444 4830 nativitatiseduxit
460 4769 539 4826 illam
555 4770 682 4827 deterre
698 4769 825 4845 AEpypu,
842 4771 893 4829 sed
947 4768 1007 4842 Ego
1020 4767 1098 4824 enim
1116 4766 1237 4822 mittens
1261 4765 1420 4838 propbetas
1448 4778 1530 4820 meos
1559 4760 1692 4818 dicebam
1718 4758 1775 4827 illi,

70 4864 238 4936 interficiens
252 4878 326 4928 enm,
342 4860 449 4934 inquit,
463 4860 525 4928 siti,
541 4864 574 4915 ut
583 4859 647 4930 jam
674 4875 731 4915 non
756 4859 835 4916 bibet
857 4860 894 4916 de
948 4857 1026 4915 slcut
1040 4863 1069 4915 st
1084 4872 1162 4913 nunc
1176 4856 1261 4912 dico:
1292 4857 1414 4928 Auserat
1441 4853 1641 4924 tumentium
1662 4864 1728 4905 suns
1755 4866 1774 4906 c

22 5010 29 5023 ,
72 4959 165 5028 pstrn,
181 4969 245 5025 que
260 4953 340 5022 virga
354 4949 451 5006 crucis
466 4964 606 5022 percussa
619 4955 675 5015 est.
690 4950 774 5018 cujus
793 4949 822 5005 in
848 4953 893 5022 ty·
946 4950 1019 5021 lucie
1033 4964 1095 5011 suc.
1107 4951 1133 5004 el
1147 4943 1353 5003 adulteriorum
1366 4941 1506 5001 demedio
1521 4944 1638 4999 uberum
1646 4954 1774 5002 morum.

71 5060 141 5118 pum
159 5049 229 5099 tunc
242 5042 283 5097 itti
300 5056 394 5112 aquas
410 5038 577 5109 largissime
591 5037 668 5094 ludit
691 5044 774 5108 petre
797 5038 891 5094 inani·
948 5036 1047 5102 idest,
1063 5040 1159 5093 cesset
1176 5035 1271 5091 colere
1283 5032 1392 5089 vitulos
1420 5046 1526 5089 aureos
1539 5036 1568 5087 et
1593 5029 1687 5085 iecere
1715 5025 1774 5083 sibi

71 5131 285 5191 matenddidit
298 5130 413 5186 odbnc:
430 5130 466 5184 lit
479 5125 603 5197 filiorum
618 5126 696 5184 illius
710 5143 765 5183 eron
782 5130 893 5185 misere·
947 5126 1026 5185 Boal.
1040 5124 1092 5182 llle
1103 5131 1201 5181 autem
1212 5124 1295 5189 dixit.
1308 5127 1339 5178 et
1350 5137 1429 5178 nunc
1445 5136 1538 5194 usque
1552 5121 1775 5191 perseueranter

69 5223 127 5293 bor,
144 5224 276 5294 quonium
288 5221 343 5291 pue
360 5219 575 5290 [oriricntionum
590 5221 664 5275 erent.
679 5214 776 5274 Filiia
801 5223 893 5275 matre
946 5217 1029 5283 dicit.
1044 5232 1244 5291 nequequam.
1259 5216 1309 5273 sed
1325 5215 1431 5272 οοάοηι
1444 5215 1506 5285 post
1526 5220 1664 5266 amotores
1688 5223 1774 5264 meos.

68 5307 545 5382 bocdillerunt‚quosbinventure
556 5305 891 5364 malitieimmitatorem
946 5305 1005 5365 Nec
1018 5321 1087 5362 uero
1098 5303 1285 5360 solummodo
1296 5304 1394 5361 verbis
1406 5302 1460 5359 boc
1474 5298 1559 5368 dixit,
1568 5312 1669 5354 verum
1684 5297 1774 5353 etiem

66 5403 132 5475 elus
147 5401 262 5458 ‹tillerre
278 5399 466 5474 perspicuum
482 5401 537 5456 est.
553 5401 625 5453 Nam
641 5397 720 5454 elcut
734 5397 763 5453 in
784 5397 891 5454 bonam
946 5393 1032 5450 laetis
1047 5393 1124 5450 dicta
1134 5408 1187 5450 sua
1197 5392 1337 5459 delendit,
1349 5391 1467 5450 eosdem
1476 5387 1637 5445 accidendo
1649 5384 1775 5456 propbe-

64 5500 181 5579 partem
198 5497 291 5549 mater
304 5496 351 5547 set
364 5488 474 5554 anima,
485 5501 665 5561 quecunque
675 5501 711 5545 es
723 5487 829 5560 spiritu
842 5486 892 5544 bel
944 5487 1002 5543 tes.
1017 5481 1098 5542 Unde
1111 5488 1140 5540 et
1155 5482 1285 5556 fugitans
1295 5478 1533 5556 conquerebatur
1543 5476 1621 5536 lilius
1635 5473 1773 5541 :crimme

63 5582 197 5646 verbum
209 5579 346 5645 emistis
359 5573 611 5653 munecius-illus
625 5576 737 5642 sutem·
747 5571 794 5634 ebt
817 5574 892 5649 dtis,
945 5567 1048 5635 slecis
1063 5577 1112 5636 tuti
1120 5572 1332 5645 demisse.
1344 5571 1531 5650 &miens
1545 5565 1775 5632 emesenam
