3826 6014
605 233 811 298 COMMENT.
835 238 876 298 IN
897 239 979 301 JOB.
1566 234 1647 298 1οιιῦ

77 373 257 442 ntarruperat
267 386 442 442 sermonem,
453 387 604 429 recurrens
620 371 657 428 ab
671 374 759 431 verba
775 382 800 448 g
815 375 888 430 tium
900 374 965 430 vite
977 372 1098 447 fulgenti
1111 396 1126 423 «
1136 379 1165 430 et
1176 389 1234 429 non
1246 373 1350 442 oritur,
1363 393 1378 422 a
1387 370 1497 428 scilicet
1509 372 1525 428 J
1529 372 1618 429 udaia
1630 390 1647 430 a

77 467 97 518 rt
112 461 402 534 perdisjunctionem
420 463 620 535 interpositum
633 464 687 520 hoc
703 481 765 522 mo·
817 464 926 537 quibus
937 461 1521 535 anlrnumpredicantiumDeusarertit.«
1535 462 1646 520 illstel·

77 568 168 608 nuens
186 569 193 607 :
212 573 225 600 ι(
240 551 312 608 Vere
327 553 388 609 scio
399 554 476 624 quod
489 553 529 609 lta
543 553 592 622 sit,
607 575 621 604 n
636 556 764 612 subaudi
815 554 868 620 lae,
885 553 937 609 »id
949 554 1121 610 eateoadem
1134 552 1349 626 praedicatores,
1364 557 1479 608 noctem
1494 552 1559 607 vitre
1572 569 1646 625 prar-

77 644 92 696 d
119 641 201 710 dicit,
220 663 233 692 α
248 646 276 698 et
290 644 368 713 quod
393 660 450 699 non
469 643 652 714 justificetur
678 644 764 702 homo
817 642 1058 700 sentisdoctrinae
1070 642 1406 711 claritateillustrentes,
1421 664 1435 692 «ι
1450 641 1573 708 claudit,
1591 663 1605 691 n
1614 641 1644 698 id

77 737 122 787 tue
151 733 209 799 ΙιεοΙ
224 752 236 782 s
253 732 377 787 subaudi
401 733 479 788 siout
494 732 613 804 lllipbaz
629 735 765 804 superius
817 741 862 792 εει
876 739 990 791 amovet
1005 735 1041 791 eb
1056 734 1125 804 illis,
1143 757 1157 784 »
1173 735 1257 806 qrrosi
1272 734 1326 788 sub
1341 732 1505 806 signaculo,
1524 754 1538 783 »
1547 732 1576 789 id
1594 736 1640 789 est

80 826 161 879 xerat
184 823 261 877 enim
279 838 286 877 :
303 844 318 872 «
333 821 470 893 Nunquid
488 821 644 892 justificari
668 828 763 895 potest
816 826 856 881 iia
871 831 902 881 ut
918 826 1025 881 iterum
1041 825 1076 880 ad
1102 840 1151 880 eos
1166 823 1342 895 quandoque
1369 821 1538 894 mittantur,
1566 822 1643 879 siout

77 911 229 983 tmpositus
254 914 310 966 Deo
332 910 416 981 illei
439 913 515 977 xxv).
532 911 664 967 Subandl
693 928 762 969 non.
815 914 927 987 aliquid
941 913 1049 970 idcirco
1065 914 1119 968 snb
1136 911 1234 985 sigillo
1249 911 1427 978 claudimus,
1446 919 1477 968 ut
1491 910 1558 980 hoo,
1574 927 1641 969 cum

77 999 155 1071 rippa
180 998 349 1071 suppositus
375 999 433 1055 Deo
458 999 601 1069 justitiam
627 1001 762 1073 percipit,
815 1008 932 1077 tempus
948 1004 1092 1076 congruit,
1109 1002 1143 1058 ad
1159 1001 1288 1058 modium
1306 1001 1499 1074 proferamus.

76 1094 123 1145 tus
138 1089 256 1145 amittit.
273 1089 332 1145 Hoc
347 1093 392 1145 est
407 1090 484 1160 quod
500 1093 542 1145 alt
557 1108 564 1147 :
849 1092 937 1148 Vsss.
949 1093 976 1147 8.
987 1121 1022 1133 -
1032 1090 1109 1156 «Qui
1122 1091 1269 1159 extendit,
1285 1113 1298 1142 a
1311 1090 1338 1147 id
1358 1099 1412 1159 eet,
1422 1089 1452 1148 in
1465 1095 1641 1149 cunctarum

77 1179 134 1234 3-
145 1202 159 1230 e
174 1179 203 1234 Si
218 1178 339 1235 voluerit
362 1180 537 1236 contendere
558 1197 625 1237 cum
641 1197 685 1252 eo,
703 1204 717 1232 »
733 1183 761 1238 id
814 1184 945 1255 gentium
955 1180 1150 1253 cognitionem
1162 1180 1264 1235 dilatat
1275 1221 1283 1246 ,
1296 1199 1308 1231 r
1322 1179 1409 1236 cmloe
1419 1180 1513 1249 solus;
1529 1204 1540 1231 ι
1555 1180 1642 1238 idest

77 1267 171 1324 »luerit
181 1268 303 1341 gloriam
320 1285 380 1324 sun
390 1269 507 1324 virtutis
517 1268 635 1326 sibimet
647 1288 763 1344 arroga-
815 1270 963 1343 apostolos
977 1269 1113 1326 eludaeis
1123 1268 1271 1341 expulsos,
1285 1268 1439 1341 dequibus
1451 1268 1621 1327 dictumest
1633 1284 1641 1329 t

78 1377 95 1415 n
122 1360 188 1429 Deo,
219 1377 274 1415 non
306 1361 641 1433 poteritrespondsreei
669 1379 761 1420 unum
816 1357 1207 1430 «Gmlienarrentgloriam
1231 1358 1645 1432 Dei(Prol.xr111),r-sst

77 1464 98 1515 a,
113 1469 128 1498 e
145 1448 171 1501 id
189 1452 232 1502 est
248 1465 304 1503 non
317 1449 423 1520 poterit
437 1448 553 1505 initium
565 1450 638 1506 bene
648 1451 761 1506 vivendi
814 1451 958 1526 graditur,
976 1472 990 1502 >r
1006 1448 1118 1506 scilicet
1132 1465 1183 1522 per
1197 1448 1316 1505 eoadem
1327 1448 1475 1522 apostolos
1486 1449 1643 1508 miraculo·

77 1537 181 1593 endere
196 1538 267 1592 dum
283 1538 433 1610 presumit
447 1538 483 1594 de
497 1539 670 1610 perfectione
685 1540 759 1597 vita.
814 1559 878 1598 rum
893 1540 1071 1614 operatione,
1091 1562 1101 1589 ι
1120 1555 1208 1611 super
1234 1540 1340 1596 lluctue
1357 1540 1456 1609 maris,
1472 1539 1501 1597 id
1527 1544 1573 1598 eet
1587 1558 1642 1599 su·

81 1625 120 1681 im
132 1642 184 1698 pro
195 1627 267 1681 bene
277 1626 392 1682 vivendi
406 1627 499 1693 initio,
511 1626 692 1686 millenarius
708 1647 761 1702 pro
816 1648 866 1705 per
881 1631 1020 1688 elationes
1036 1628 1257 1701 persecutionis,
1274 1644 1348 1700 quus
1373 1632 1502 1686 mundus
1526 1630 1642 1697 extulit.

78 1715 184 1771 nerito
197 1716 314 1785 ponitur
322 1715 376 1772 boo
387 1715 458 1773 loco.
470 1714 542 1772 Nem
552 1719 699 1790 quomodo
710 1720 759 1775 de·
815 1719 926 1777 scilicet
934 1718 998 1792 ipse
1008 1717 1160 1775 sublevata
1171 1716 1393 1789 predicantium
1404 1718 1513 1776 virtute
1522 1719 1641 1777 mirabi-

77 1820 96 1858 ιε
106 1804 296 1875 semetipsum
309 1804 416 1860 ductus
425 1805 454 1859 iu
463 1804 660 1862 millenarium
669 1809 762 1865 tendi·
816 1812 882 1868 liter
895 1809 1008 1867 stravit.

77 1891 203 1949 lesenim
215 1893 312 1949 decies
326 1893 505 1967 millesunt),
522 1896 563 1951 sic
575 1912 678 1953 monas
690 1897 764 1954 mul·
849 1899 934 1957 Vens.
962 1898 990 1957 9.
1002 1928 1036 1940 -
1048 1920 1061 1949 α
1078 1897 1144 1963 Qui,
1159 1918 1173 1947 a
1190 1898 1316 1955 subaudi
1342 1898 1398 1957 hoo
1422 1900 1509 1957 modo
1525 1899 1570 1957 vel
1586 1917 1637 1957 or·

79 1985 141 2040 oin
157 1985 309 2041 denarium
322 1985 449 2052 ducitur,
465 1986 519 2042 boo
540 1988 626 2044 modo
643 2006 649 2044 :
666 1989 762 2046 Semel
814 1989 892 2055 dios,
908 2010 922 2039 α
939 1986 1010 2044 iacit
1024 1991 1184 2054 arctorum,
1196 2008 1210 2037 a
1223 1986 1251 2041 id
1263 1990 1449 2045 estsanotam
1461 1988 1632 2059 boolesism,

77 2074 154 2131 emel
165 2075 264 2131 decern
277 2080 355 2132 sunt.
375 2076 505 2149 Hicsrgo
517 2093 671 2149 perunum
687 2079 762 2136 benc
813 2096 887 2152 qua,
904 2077 980 2134 sicut
991 2085 1135 2144 arcturus,
1148 2079 1260 2148 septem
1273 2077 1366 2134 stellis
1376 2081 1436 2133 tote
1447 2083 1531 2135 nocte
1541 2095 1638 2137 verse·

80 2164 197 2230 nillum,
215 2180 266 2237 per
278 2164 357 2221 mille
373 2166 510 2237 perlectio
522 2166 705 2240 designetur.
721 2171 761 2225 Ac
813 2173 871 2239 tur,
887 2171 916 2222 et
931 2182 988 2222 non
1002 2165 1120 2231 occidit¹
1137 2164 1196 2220 imo
1211 2166 1356 2222 versando
1371 2166 1492 2239 erigitur
1506 2167 1547 2224 ita
1562 2184 1638 2241 quo-

77 2253 170 2309 ·dicat
188 2270 194 2309 :
212 2254 241 2309 Sl
267 2255 473 2325 perlectionem
491 2255 547 2311 sibi
563 2261 689 2328 arrogat,
707 2274 759 2314 neo
813 2251 1642 2327 dammodoseptilormiSpiritudispositacunctistribu·

77 2342 145 2399 bene
160 2343 275 2398 vivendi
293 2343 390 2400 babet.
403 2346 438 2399 Et
449 2361 485 2401 ne
499 2345 566 2417 quis
582 2345 667 2402 facile
677 2352 760 2419 putet
812 2345 972 2403 lotionibus
987 2343 1108 2414 inligata
1124 2358 1180 2399 non
1197 2342 1305 2412 delicit,
1321 2345 1372 2400 sed
1393 2344 1491 2417 potius
1506 2347 1637 2404 adversis

77 2451 82 2488 ι
98 2432 157 2488 Deo
172 2432 247 2489 inire
261 2433 490 2490 contentionem.
813 2435 944 2492 relicitur
958 2436 987 2489 et
1002 2431 1202 2493 convalescit:
1217 2455 1232 2482 «
1249 2439 1276 2488 ει
1291 2433 1401 2499 oriona,
1419 2454 1433 2483 a
1450 2434 1479 2490 id
1501 2438 1547 2491 eet
1569 2452 1640 2493 san·

78 2522 103 2578 l.
115 2553 149 2563 -
162 2544 175 2573 «
191 2522 323 2595 Sapiens.
334 2523 438 2594 inquit,
455 2523 541 2579 corde
556 2529 601 2581 est
617 2545 629 2577 s
647 2524 759 2583 scilicet
813 2531 875 2582 ctos
891 2526 1044 2596 martyres.
1061 2521 1289 2595 Oriensquippe
1303 2522 1408 2595 inipso
1424 2524 1638 2596 ponderatam-

77 2610 132 2666 olta
148 2616 247 2668 nostra
260 2612 406 2668 subtiliter
414 2614 564 2687 cognoscit
580 2638 587 2684 ;
602 2637 616 2665 «
632 2623 658 2671 et
673 2616 758 2673 iortis
812 2615 893 2687 poris
910 2612 1008 2667 bieme
1024 2611 1049 2665 is
1065 2611 1211 2677 oriuntur,
1228 2615 1256 2666 et
1281 2616 1345 2667 ortu
1369 2627 1422 2668 suo
1447 2617 1636 2685 tempestates

85 2699 219 2756 videlicet
230 2701 299 2773 quia
310 2702 708 2776 volentercognltapercutit.
724 2705 758 2760 ut
810 2704 942 2761 excitant.
962 2701 1008 2758 Slo
1025 2704 1166 2769 martyres
1181 2700 1393 2772 persecutionis
1405 2701 1555 2759 molestias
1567 2720 1636 2775 pas·

78 2794 107 2845 at
121 2791 157 2845 ab
173 2791 295 2847 effectis.
314 2813 328 2840 ι(
346 2791 427 2859 Quis,
444 2791 549 2865 inquit,
568 2793 676 2849 restitit
691 2793 757 2850 εἰει
809 2791 871 2848 suri
887 2790 922 2845 ad
938 2786 1002 2844 omli
1018 2786 1121 2843 faciem
1138 2787 1221 2858 quasi
1239 2786 1268 2842 in
1286 2787 1380 2844 biems
1391 2792 1540 2858 venerunt,
1552 2795 1581 2846 et
1591 2791 1636 2864 ip·

77 2880 185 2936 ‚buitta
195 2881 333 2937 Videlicet
342 2883 550 2956 oecengelicus
559 2883 692 2955 spiritus,
704 2885 755 2956 qni
809 2882 850 2938 sis
861 2880 928 2936 linei
939 2875 1143 2935 testimonium
1155 2876 1498 2950 perhibentibus,lrigida
1508 2867 1635 2937 mensio

81 2973 220 3028 oradens
236 2973 595 3046 imperatusetinquietus
611 2974 758 3030 lactasset
808 2971 937 3028 fidelium
952 2972 1155 3040 tempestatem
1181 2968 1394 3041 persecutionis
1417 2969 1555 3026 excitarit
1580 2971 1634 3045 (9).

93 3077 146 3117 nec
162 3061 275 3133 primos
291 3063 412 3117 humani
438 3063 554 3132 generis
570 3080 686 3135 parens,
703 3065 754 3137 qui
808 3085 823 3113 «
835 3061 998 3134 Etbyadas,
1010 3059 1062 3115 »id
1075 3062 1120 3113 est
1129 3061 1246 3114 sanctos
1258 3058 1404 3126 doctores,
1416 3058 1467 3130 qui
1480 3059 1550 3116 dum
1563 3062 1636 3118 sub·

80 3157 201 3223 recepto
214 3151 331 3218 restitit,
344 3153 457 3225 primus
468 3151 710 3210 contumeliosam
723 3154 752 3210 in
773 3133 794 3199 C
810 3152 904 3208 ductis
921 3149 1096 3224 martyribus
1112 3148 1168 3203 llde
1182 3147 1290 3204 Christi
1307 3146 1415 3203 clarius
1442 3147 1568 3217 lucente,
1596 3151 1634 3207 ad

91 3255 218 3313 pugnam
234 3243 336 3298 sensit.
809 3240 1053 3298 mnndinotitiam
1064 3240 1217 3305 venerunt,
1226 3236 1312 3309 quasi
1323 3237 1410 3293 verbo
1422 3240 1554 3311 tempore
1564 3239 1637 3314 bya-

77 3332 92 3386 ι.
105 3353 164 3378 -ι
182 3330 235 3394 Oui
252 3330 403 3387 transtulit
418 3336 542 3389 montes.
559 3355 574 3383 »
590 3333 649 3390 lloc
664 3334 700 3390 ed
718 3333 755 3389 il·
809 3333 860 3388 des
876 3337 942 3404 post
957 3329 1058 3386 oriona
1073 3329 1109 3384 ad
1126 3327 1190 3384 cosli
1207 3325 1309 3382 lactem
1322 3326 1504 3400 prodierunt,
1521 3351 1536 3379 a
1548 3334 1578 3386 et
1591 3345 1635 3387 ss·

77 3423 200 3495 ritquod
212 3423 478 3496 superiusElipbaz
489 3426 757 3482 adversuseumdi·
810 3421 940 3478 cundum
956 3435 1061 3476 nomen
1078 3417 1206 3490 hyadum
1221 3416 1373 3485 (dicuntur
1386 3416 1466 3472 enim
1490 3416 1600 3491 hyades
1615 3436 1633 3478 a

77 3513 147 3569 eece
162 3513 211 3585 qui
226 3514 358 3569 serviunt
372 3514 396 3568 ei
411 3530 468 3571 non
482 3522 551 3571 eunt
561 3516 682 3573 stabiles
692 3518 755 3589 (tob
809 3515 906 3566 Gracc
921 3507 1006 3578 ὐητὸς
1017 3507 1095 3580 quod
1113 3505 1201 3561 latine
1216 3505 1324 3560 dicitur
1338 3505 1444 3577 pluria,
1468 3505 1537 3577 quia
1565 3515 1635 3564 ortes

77 3602 755 3677 .itonquincontroipsumborilledesuper.
811 3598 910 3675 procul
938 3597 1026 3653 dubio
1050 3595 1161 3651 imbres
1185 3594 1292 3664 lerunt)
1325 3595 1487 3650 secundum
1514 3612 1633 3664 nomen,

77 3689 212 3761 sangelis
227 3690 349 3755 dixerat,
365 3689 497 3747 inirallei
514 3707 580 3747 oum
597 3692 680 3749 beato
696 3695 756 3751 viro
811 3690 943 3763 inquam,
960 3686 1088 3759 hyadum
1111 3699 1200 3756 super
1223 3685 1353 3739 arentem
1379 3686 1488 3739 terram
1513 3684 1634 3741 humani

77 3780 142 3845 ntia,
156 3784 187 3832 ut
197 3777 303 3835 virtuts
314 3779 474 3850 prophetici
488 3779 610 3853 spiritus
623 3797 758 3840 remune·
812 3778 937 3853 pectoris
961 3779 1069 3832 sancta
1094 3771 1310 3845 praedicationis
1333 3771 1461 3829 imbrem
1492 3774 1634 3831 fuderunt

77 3866 243 3939 spatientia,
260 3867 443 3925 simileeliud
455 3871 585 3928 futurum
602 3874 758 3946 prevideat
812 3869 877 3940 (lO).
894 3890 908 3917 «
925 3869 959 3919 et
973 3864 1112 3920 interiora
1127 3861 1231 3933 austri,
1245 3861 1273 3917 id
1290 3866 1335 3917 est
1361 3863 1491 3919 occultos
1515 3863 1634 3922 ordines

82 3971 118 4010 na
142 3957 288 4027 superbia,
315 3957 343 4012 id
358 3966 402 4014 est
426 3962 460 4016 de
485 3965 569 4029 gente
583 3961 757 4035 israelitice,
813 3957 995 4031 angelorum,
1010 3954 1039 4009 in
1055 3952 1165 4025 quibus
1180 3957 1224 4008 est
1239 3951 1322 4024 quasi
1337 3950 1416 4008 calor
1427 3953 1532 4024 austri,
1547 3952 1634 4011 idest

77 4045 99 4099 »d
115 4044 145 4100 in
162 4044 212 4099 illa
226 4051 313 4118 gente
328 4046 404 4104 Deus
420 4050 577 4122 superbam
593 4053 700 4124 reperit
714 4053 758 4108 in·
813 4047 917 4120 plenus
932 4060 1012 4101 emor
1022 4042 1150 4114 Spiritus
1165 4039 1260 4097 sancti
1276 4059 1284 4109 ς
1301 4039 1486 4114 angelornm,
1502 4042 1634 4114 inquam,

77 4139 152 4200 tem,
164 4135 260 4191 simile
277 4142 321 4192 est
335 4137 447 4209 siquod
466 4139 494 4194 in
512 4139 625 4212 angelis
640 4141 715 4211 auis,
727 4146 760 4199 nt
813 4136 939 4205 ordines,
956 4149 1030 4206 quoe
1047 4147 1097 4203 per
1112 4129 1250 4186 interiora
1265 4130 1359 4185 austri
1372 4129 1555 4203 significuus,
1571 4131 1637 4189 ideo

77 4241 119 4291 aa,
131 4226 271 4296 repererit
282 4226 463 4297 pravitatem.
478 4229 548 4285 llinc
558 4235 603 4286 est
613 4231 688 4302 quod
702 4234 759 4288 ait:
814 4219 1641 4297 postorionaethyadesposuit‚quiasupredictismarty·

77 4314 176 4370 retulit
187 4321 311 4386 montes,
322 4316 373 4371 »id
384 4321 429 4373 est
445 4320 603 4390 apostolos,
624 4321 761 4379 sciliceta
815 4315 896 4370 ribus
911 4317 999 4386 etque
1012 4310 1184 4366 doctoribus
1200 4313 1277 4365 Deus
1293 4313 1466 4382 angelornm
1487 4310 1639 4369 cohabita·

77 4404 100 4459 td
124 4410 238 4476 gentes,
255 4428 268 4457 α
283 4412 312 4462 ει
336 4407 503 4464 nescierunt
528 4411 570 4481 hi,
596 4434 611 4462 ε
635 4413 761 4469 subaudi
815 4399 1126 4474 lionempfflilfllllii·

79 4510 153 4565 quos
178 4495 321 4550 subvertit
344 4496 374 4551 in
400 4497 497 4554 lurore
522 4516 586 4568 suo,
603 4522 617 4550 r
634 4497 799 4561 subaudlD
852 4492 936 4548 Vm·
954 4490 1068 4546 ¹⁰·-‘
1084 4486 1150 4557 0⁰52
1169 4509 1183 4538 ”
1200 4488 1329 4544 ⁸Uh⁸⁰di
1348 4489 1435 4557 ⁰0⁰⁸,
1459 4493 1563 4561 lllffiiffl'
1582 4490 1642 4549 l¹⁸³0

77 4599 84 4636 ι
97 4581 196 4638 iumen
208 4584 506 4642 amitterentintefius
519 4588 562 4643 vot
575 4590 651 4661 quod
663 4592 759 4665 01901.
816 4601 880 4656 que
896 4581 974 4636 diota
987 4585 1068 4644 sunt,
1086 4599 1100 4626 «
1112 4575 1183 4633 lacit
1195 4592 1301 4648 magna
1314 4576 1558 4648 etinaorutabilia,
1569 4596 1643 4651 quo·

79 4672 188 4729 ostolos
203 4674 259 4744 ipsi
275 4691 292 4730 a
306 4676 400 4747 gratia
418 4677 465 4732 Dei
477 4677 724 4738 subverterentur.
817 4689 880 4730 rum
897 4687 954 4726 ¹¹⁰⁰
970 4676 1014 4725 0⁸¹
1029 4683 1182 4725 flumm-
1201 4689 1216 4718 ἰ
1235 4667 1343 4742 Milsslffl
1358 4689 1371 4721 ’
1388 4668 1501 4726 ⁸⁰ffiss02
1522 4670 1640 4740 Virili&

77 4763 103 4818 6.
116 4785 175 4814 -«
203 4764 257 4830 Qui
282 4775 455 4837 commovet,
472 4788 486 4815 »
502 4766 628 4824 eutrandi
648 4785 700 4841 por
714 4772 763 4829 Τί.
817 4771 843 4821 ει
856 4757 1056 4817 inscrutabilia
1078 4757 1203 4827 ratione,
1218 4757 1450 4817 innumerabilia
1469 4759 1642 4832 multiplici·

77 4849 282 4924 ceperianum,
299 4875 312 4903 e
324 4858 445 4922 terram,
462 4875 477 4905 a
494 4854 606 4913 scilicet
619 4858 762 4931 Judeern,
819 4855 886 4909 tete.
904 4848 956 4905 Hic
970 4850 1070 4904 tantus
1086 4862 1120 4902 ec
1134 4845 1214 4914 talis,
1231 4846 1286 4903 beu
1305 4847 1312 4903 l

77 4957 89 4996 o
105 4957 170 5006 suo,
185 4961 199 4992 r
218 4943 351 4999 videlicet
361 4944 502 5001 subversa
517 4947 632 5005 civitate
647 4953 675 5005 et
690 4955 765 5008 tem·
854 4943 944 4996 Vm·
958 4937 1043 4994 fl·-
1056 4957 1068 4988 l
1083 4935 1113 4990 Sl
1129 4935 1241 4992 melli
1255 4936 1291 4992 ⁸⁶
1308 4953 1365 5004 ¹1¹0·
1383 4959 1397 4988 ι’
1412 4937 1647 4997 ’ἱᾶθῙῙθθῑθῙῑθῑῦ

87 5028 230 5087 columne
245 5034 320 5104 aJns,
339 5057 349 5083 ι
368 5033 396 5088 id
413 5039 458 5090 est
472 5036 649 5108 secerdotes,
659 5039 765 5110 prinei.
818 5034 867 5106 jus
878 5027 1122 5099 donilargitione,
1135 5046 1149 5076 e
1162 5041 1221 5083 non
1232 5025 1336 5084 ridebo
1347 5043 1426 5097 eum,
1439 5047 1451 5079 s
1465 5028 1494 5084 id
1506 5029 1645 5103 estigno·

77 5117 97 5173 ie
112 5118 248 5177 doctores
263 5126 352 5194 atque
367 5122 515 5190 Pherisaei,
534 5128 767 5187 «conrutisntue
822 5113 1413 5187 rebodsntisJudicium,videliectutrom
1425 5117 1646 5176 sitrernunara-

77 5211 187 5284 untur],
200 5212 229 5267 id
245 5214 326 5270 estin
342 5214 480 5271 iltntsrra
494 5216 690 5277 habitarem„
703 5238 768 5295 per.
822 5211 873 5280 tio,
886 5224 922 5263 an
939 5206 975 5262 ad
992 5202 1117 5260 melloto
1133 5203 1648 5275 provectio,inestutrumdeeertum

76 5314 110 5356 rr.
824 5299 870 5355 bic
885 5297 1063 5358 remuneret,
1080 5309 1116 5349 ao
1128 5291 1158 5349 in
1167 5293 1217 5350 ria
1231 5295 1342 5351 nutriat
1354 5303 1386 5352 ut
1398 5298 1435 5354 ad
1444 5299 1568 5370 petriam
1580 5314 1649 5369 per·

78 5387 107 5446 7.
121 5421 155 5435 -
168 5414 179 5442 ι
192 5393 245 5457 Qui
259 5396 390 5469 praecipit
401 5394 468 5464 soli,
482 5419 497 5448 a
508 5396 536 5452 id
551 5404 597 5456 set
608 5401 771 5470 predican-
823 5388 922 5445 ducat.
934 5383 996 5441 «lte
1012 5383 1036 5440 si
1043 5382 1159 5453 abierit,
1171 5405 1186 5434 o
1200 5385 1228 5439 id
1241 5390 1286 5442 est
1295 5387 1321 5443 si
1331 5387 1437 5444 tentari
1450 5403 1496 5444 me
1507 5385 1652 5458 permise-

85 5571 205 5651 Ggegor.
223 5573 318 5635 llornl
332 5575 384 5636 lib.
398 5594 440 5650 ιι,
457 5595 522 5657 cap.
538 5581 583 5641 ll.
860 5582 917 5661 titt)
933 5578 1007 5643 illd.
