<?xml version="1.0" encoding="UTF-8"?>
<!DOCTYPE html PUBLIC "-//W3C//DTD XHTML 1.0 Transitional//EN"
    "http://www.w3.org/TR/xhtml1/DTD/xhtml1-transitional.dtd">
<html xmlns="http://www.w3.org/1999/xhtml" xml:lang="en" lang="en">
 <head>
  <title>
</title>
<meta http-equiv="Content-Type" content="text/html;charset=utf-8" />
  <meta name='ocr-system' content='tesseract 3.04.00' />
  <meta name='ocr-capabilities' content='ocr_page ocr_carea ocr_par ocr_line ocrx_word'/>
</head>
<body>
  <div class='ocr_page' id='page_1' title='image "./patrologiaecurs14goog_0509.png"; bbox 0 0 3826 6014; ppageno 0'>
   <div class='ocr_carea' id='block_1_1' title="bbox 165 156 1870 239">
    <p class='ocr_par' dir='ltr' id='par_1_1' title="bbox 165 156 1870 239">
     <span class='ocr_line' id='line_1_1' title="bbox 165 156 1870 239; baseline -0.017 0"><span class='ocrx_word' id='word_1_1' title='bbox 165 177 245 239; x_wconf 65' lang='lat'><strong>100³</strong></span> <span class='ocrx_word' id='word_1_2' title='bbox 702 165 878 231; x_wconf 69' lang='lat' dir='ltr'><strong>aneceti</strong></span> <span class='ocrx_word' id='word_1_3' title='bbox 900 158 1066 224; x_wconf 73' lang='lat' dir='ltr'><strong>ABBlTls</strong></span> <span class='ocrx_word' id='word_1_4' title='bbox 1086 156 1323 224; x_wconf 74' lang='lat' dir='ltr'><strong>lulTllstlS.</strong></span> <span class='ocrx_word' id='word_1_5' title='bbox 1796 162 1870 225; x_wconf 64' lang='lat'><strong>{004</strong></span> 
     </span>
    </p>
   </div>
   <div class='ocr_carea' id='block_1_2' title="bbox 21 293 1867 382">
    <p class='ocr_par' dir='ltr' id='par_1_2' title="bbox 21 293 1867 382">
     <span class='ocr_line' id='line_1_2' title="bbox 21 293 1867 382; baseline -0.009 -13"><span class='ocrx_word' id='word_1_6' title='bbox 21 300 28 307; x_wconf 64' lang='grc'>’</span> <span class='ocrx_word' id='word_1_7' title='bbox 101 366 104 371; x_wconf 90' lang='grc'>,</span> <span class='ocrx_word' id='word_1_8' title='bbox 165 315 199 368; x_wconf 79' lang='lat' dir='ltr'><strong>at</strong></span> <span class='ocrx_word' id='word_1_9' title='bbox 214 309 333 382; x_wconf 85' lang='lat' dir='ltr'><strong>quidum</strong></span> <span class='ocrx_word' id='word_1_10' title='bbox 347 306 432 363; x_wconf 87' lang='lat' dir='ltr'><strong>lorlie</strong></span> <span class='ocrx_word' id='word_1_11' title='bbox 442 309 512 361; x_wconf 91' lang='lat' dir='ltr'><strong>sunt</strong></span> <span class='ocrx_word' id='word_1_12' title='bbox 527 303 683 376; x_wconf 81' lang='lat' dir='ltr'><strong>valdeque</strong></span> <span class='ocrx_word' id='word_1_13' title='bbox 695 300 828 363; x_wconf 84' lang='lat' dir='ltr'><strong>dicit.sed</strong></span> <span class='ocrx_word' id='word_1_14' title='bbox 842 299 985 372; x_wconf 88' lang='lat' dir='ltr'><strong>quincon-</strong></span> <span class='ocrx_word' id='word_1_15' title='bbox 1002 301 1028 367; x_wconf 71' lang='grc' dir='ltr'><strong>Α</strong></span> <span class='ocrx_word' id='word_1_16' title='bbox 1044 295 1159 367; x_wconf 86' lang='lat' dir='ltr'><strong>scirpus</strong></span> <span class='ocrx_word' id='word_1_17' title='bbox 1173 310 1241 350; x_wconf 89' lang='lat' dir='ltr'><strong>cum</strong></span> <span class='ocrx_word' id='word_1_18' title='bbox 1258 293 1327 349; x_wconf 86' lang='lat' dir='ltr'><strong>tiore</strong></span> <span class='ocrx_word' id='word_1_19' title='bbox 1340 308 1393 350; x_wconf 90' lang='lat' dir='ltr'><strong>suo</strong></span> <span class='ocrx_word' id='word_1_20' title='bbox 1404 294 1547 363; x_wconf 85' lang='lat' dir='ltr'><strong>nascitur,</strong></span> <span class='ocrx_word' id='word_1_21' title='bbox 1562 296 1639 368; x_wconf 91' lang='lat' dir='ltr'><strong>quod</strong></span> <span class='ocrx_word' id='word_1_22' title='bbox 1651 299 1761 352; x_wconf 76' lang='lat' dir='ltr'><strong>catere</strong></span> <span class='ocrx_word' id='word_1_23' title='bbox 1775 295 1867 355; x_wconf 79' lang='lat' dir='ltr'><strong>herba</strong></span> 
     </span>
    </p>
   </div>
   <div class='ocr_carea' id='block_1_3' title="bbox 162 383 1868 4322">
    <p class='ocr_par' dir='ltr' id='par_1_3' title="bbox 162 383 1868 4322">
     <span class='ocr_line' id='line_1_3' title="bbox 164 383 1868 471; baseline -0.01 -13"><span class='ocrx_word' id='word_1_24' title='bbox 164 406 210 458; x_wconf 89' lang='lat' dir='ltr'><strong>tra</strong></span> <span class='ocrx_word' id='word_1_25' title='bbox 237 403 399 471; x_wconf 87' lang='lat' dir='ltr'><strong>sapientem</strong></span> <span class='ocrx_word' id='word_1_26' title='bbox 425 396 534 467; x_wconf 87' lang='lat' dir='ltr'><strong>prolerl</strong></span> <span class='ocrx_word' id='word_1_27' title='bbox 566 411 611 461; x_wconf 85' lang='lat' dir='ltr'><strong>ea,</strong></span> <span class='ocrx_word' id='word_1_28' title='bbox 639 390 987 465; x_wconf 78' lang='lat' dir='ltr'><strong>aquediceredebuerat</strong></span> <span class='ocrx_word' id='word_1_29' title='bbox 1042 383 1455 456; x_wconf 85' lang='lat' dir='ltr'><strong>nontaciunt,sicbypocrita</strong></span> <span class='ocrx_word' id='word_1_30' title='bbox 1471 384 1764 456; x_wconf 72' lang='lat' dir='ltr'><strong>moa‚utboniquid</strong></span> <span class='ocrx_word' id='word_1_31' title='bbox 1785 402 1868 458; x_wconf 85' lang='lat' dir='ltr'><strong>agere</strong></span> 
     </span>
     <span class='ocr_line' id='line_1_4' title="bbox 167 473 1866 559; baseline -0.008 -12"><span class='ocrx_word' id='word_1_32' title='bbox 167 490 276 553; x_wconf 89' lang='lat' dir='ltr'><strong>stultis,</strong></span> <span class='ocrx_word' id='word_1_33' title='bbox 306 486 390 559; x_wconf 81' lang='lat' dir='ltr'><strong>quasi</strong></span> <span class='ocrx_word' id='word_1_34' title='bbox 408 485 500 541; x_wconf 89' lang='lat' dir='ltr'><strong>hortis</strong></span> <span class='ocrx_word' id='word_1_35' title='bbox 516 484 684 539; x_wconf 88' lang='lat' dir='ltr'><strong>sitientibus</strong></span> <span class='ocrx_word' id='word_1_36' title='bbox 697 498 803 554; x_wconf 83' lang='lat' dir='ltr'><strong>aquam</strong></span> <span class='ocrx_word' id='word_1_37' title='bbox 818 481 848 535; x_wconf 92' lang='lat' dir='ltr'><strong>in</strong></span> <span class='ocrx_word' id='word_1_38' title='bbox 866 477 990 534; x_wconf 84' lang='lat' dir='ltr'><strong>flumina</strong></span> <span class='ocrx_word' id='word_1_39' title='bbox 1042 475 1277 547; x_wconf 79' lang='lat' dir='ltr'><strong>incipit‚querll</strong></span> <span class='ocrx_word' id='word_1_40' title='bbox 1305 473 1382 546; x_wconf 91' lang='lat' dir='ltr'><strong>quud</strong></span> <span class='ocrx_word' id='word_1_41' title='bbox 1411 474 1504 530; x_wconf 89' lang='lat' dir='ltr'><strong>sancti</strong></span> <span class='ocrx_word' id='word_1_42' title='bbox 1521 475 1575 530; x_wconf 93' lang='lat' dir='ltr'><strong>viri</strong></span> <span class='ocrx_word' id='word_1_43' title='bbox 1592 491 1649 529; x_wconf 90' lang='lat' dir='ltr'><strong>non</strong></span> <span class='ocrx_word' id='word_1_44' title='bbox 1662 476 1788 544; x_wconf 86' lang='lat' dir='ltr'><strong>iaciunt,</strong></span> <span class='ocrx_word' id='word_1_45' title='bbox 1802 479 1866 534; x_wconf 83' lang='lat' dir='ltr'><strong>uta</strong></span> 
     </span>
     <span class='ocr_line' id='line_1_5' title="bbox 169 565 1343 645; baseline -0.01 -10"><span class='ocrx_word' id='word_1_46' title='bbox 169 579 276 645; x_wconf 83' lang='lat' dir='ltr'><strong>tundit,</strong></span> <span class='ocrx_word' id='word_1_47' title='bbox 290 592 369 632; x_wconf 90' lang='lat' dir='ltr'><strong>more</strong></span> <span class='ocrx_word' id='word_1_48' title='bbox 382 574 595 639; x_wconf 80' lang='lat' dir='ltr'><strong>hereticorum,</strong></span> <span class='ocrx_word' id='word_1_49' title='bbox 608 588 733 645; x_wconf 92' lang='lat' dir='ltr'><strong>quorum</strong></span> <span class='ocrx_word' id='word_1_50' title='bbox 747 571 875 643; x_wconf 77' lang='lat' dir='ltr'><strong>linguam</strong></span> <span class='ocrx_word' id='word_1_51' title='bbox 886 583 988 639; x_wconf 80' lang='lat' dir='ltr'><strong>perste-</strong></span> <span class='ocrx_word' id='word_1_52' title='bbox 1043 565 1160 622; x_wconf 89' lang='lat' dir='ltr'><strong>cunctis</strong></span> <span class='ocrx_word' id='word_1_53' title='bbox 1171 566 1343 623; x_wconf 87' lang='lat' dir='ltr'><strong>honoretur.</strong></span> 
     </span>
     <span class='ocr_line' id='line_1_6' title="bbox 169 655 1865 741; baseline -0.006 -15"><span class='ocrx_word' id='word_1_54' title='bbox 169 685 205 741; x_wconf 87' lang='lat' dir='ltr'><strong>pe</strong></span> <span class='ocrx_word' id='word_1_55' title='bbox 219 669 261 725; x_wconf 91' lang='lat' dir='ltr'><strong>sic</strong></span> <span class='ocrx_word' id='word_1_56' title='bbox 274 672 369 722; x_wconf 90' lang='lat' dir='ltr'><strong>movet</strong></span> <span class='ocrx_word' id='word_1_57' title='bbox 382 664 490 719; x_wconf 89' lang='lat' dir='ltr'><strong>veritas</strong></span> <span class='ocrx_word' id='word_1_58' title='bbox 500 668 530 718; x_wconf 89' lang='lat' dir='ltr'><strong>ut</strong></span> <span class='ocrx_word' id='word_1_59' title='bbox 540 665 628 718; x_wconf 85' lang='lat' dir='ltr'><strong>vitam</strong></span> <span class='ocrx_word' id='word_1_60' title='bbox 640 661 874 734; x_wconf 87' lang='lat' dir='ltr'><strong>ipsorumleriat.</strong></span> <span class='ocrx_word' id='word_1_61' title='bbox 886 680 900 709; x_wconf 89' lang='lat'>«</span> <span class='ocrx_word' id='word_1_62' title='bbox 912 657 990 711; x_wconf 91' lang='lat' dir='ltr'><strong>Nun·</strong></span> <span class='ocrx_word' id='word_1_63' title='bbox 1077 655 1165 711; x_wconf 85' lang='lat' dir='ltr'><strong>Vens.</strong></span> <span class='ocrx_word' id='word_1_64' title='bbox 1179 656 1221 711; x_wconf 87' lang='lat'><strong>17.</strong></span> <span class='ocrx_word' id='word_1_65' title='bbox 1238 685 1272 695; x_wconf 97' lang='lat'><em>-</em></span> <span class='ocrx_word' id='word_1_66' title='bbox 1288 678 1302 706; x_wconf 77' lang='lat' dir='ltr'><strong>a</strong></span> <span class='ocrx_word' id='word_1_67' title='bbox 1316 655 1409 727; x_wconf 89' lang='lat' dir='ltr'><strong>Super</strong></span> <span class='ocrx_word' id='word_1_68' title='bbox 1418 671 1553 712; x_wconf 88' lang='lat' dir='ltr'><strong>acervum</strong></span> <span class='ocrx_word' id='word_1_69' title='bbox 1570 660 1730 727; x_wconf 86' lang='lat' dir='ltr'><strong>petrarum,</strong></span> <span class='ocrx_word' id='word_1_70' title='bbox 1747 677 1762 707; x_wconf 83' lang='lat' dir='ltr'><strong>n</strong></span> <span class='ocrx_word' id='word_1_71' title='bbox 1779 657 1808 712; x_wconf 93' lang='lat' dir='ltr'><strong>id</strong></span> <span class='ocrx_word' id='word_1_72' title='bbox 1823 662 1865 716; x_wconf 84' lang='lat' dir='ltr'><strong>est</strong></span> 
     </span>
     <span class='ocr_line' id='line_1_7' title="bbox 170 743 1864 830; baseline -0.006 -18"><span class='ocrx_word' id='word_1_73' title='bbox 170 759 240 830; x_wconf 92' lang='lat' dir='ltr'><strong>quid</strong></span> <span class='ocrx_word' id='word_1_74' title='bbox 255 755 410 818; x_wconf 77' lang='lat' dir='ltr'><strong>virescere,</strong></span> <span class='ocrx_word' id='word_1_75' title='bbox 428 775 442 804; x_wconf 80' lang='lat' dir='ltr'><strong>n</strong></span> <span class='ocrx_word' id='word_1_76' title='bbox 459 753 510 819; x_wconf 90' lang='lat' dir='ltr'><strong>nil,</strong></span> <span class='ocrx_word' id='word_1_77' title='bbox 538 752 566 807; x_wconf 95' lang='lat' dir='ltr'><strong>id</strong></span> <span class='ocrx_word' id='word_1_78' title='bbox 582 759 624 808; x_wconf 87' lang='lat' dir='ltr'><strong>est</strong></span> <span class='ocrx_word' id='word_1_79' title='bbox 639 754 777 815; x_wconf 84' lang='lat' dir='ltr'><strong>virorem,</strong></span> <span class='ocrx_word' id='word_1_80' title='bbox 793 754 843 805; x_wconf 90' lang='lat' dir='ltr'><strong>nat</strong></span> <span class='ocrx_word' id='word_1_81' title='bbox 862 747 989 821; x_wconf 88' lang='lat' dir='ltr'><strong>speciem</strong></span> <span class='ocrx_word' id='word_1_82' title='bbox 1043 752 1161 818; x_wconf 91' lang='lat' dir='ltr'><strong>propter</strong></span> <span class='ocrx_word' id='word_1_83' title='bbox 1176 744 1291 800; x_wconf 90' lang='lat' dir='ltr'><strong>turbam</strong></span> <span class='ocrx_word' id='word_1_84' title='bbox 1317 743 1470 800; x_wconf 89' lang='lat' dir='ltr'><strong>hominum</strong></span> <span class='ocrx_word' id='word_1_85' title='bbox 1487 745 1708 813; x_wconf 83' lang='lat' dir='ltr'><strong>admirantium,</strong></span> <span class='ocrx_word' id='word_1_86' title='bbox 1721 767 1737 795; x_wconf 77' lang='grc' dir='ltr'><strong>«ι</strong></span> <span class='ocrx_word' id='word_1_87' title='bbox 1755 747 1864 806; x_wconf 88' lang='lat' dir='ltr'><strong>rsdices</strong></span> 
     </span>
     <span class='ocr_line' id='line_1_8' title="bbox 169 834 1865 917; baseline -0.006 -13"><span class='ocrx_word' id='word_1_88' title='bbox 169 847 295 917; x_wconf 90' lang='lat' dir='ltr'><strong>alicujus</strong></span> <span class='ocrx_word' id='word_1_89' title='bbox 325 844 440 899; x_wconf 89' lang='lat' dir='ltr'><strong>virtutis</strong></span> <span class='ocrx_word' id='word_1_90' title='bbox 455 843 573 909; x_wconf 87' lang='lat' dir='ltr'><strong>habere,</strong></span> <span class='ocrx_word' id='word_1_91' title='bbox 590 863 604 891; x_wconf 90' lang='lat'>»</span> <span class='ocrx_word' id='word_1_92' title='bbox 621 845 716 912; x_wconf 90' lang='lat' dir='ltr'><strong>potest</strong></span> <span class='ocrx_word' id='word_1_93' title='bbox 730 841 854 912; x_wconf 89' lang='lat' dir='ltr'><strong>scirpus,</strong></span> <span class='ocrx_word' id='word_1_94' title='bbox 872 860 882 886; x_wconf 82' lang='grc' dir='ltr'><strong>ι</strong></span> <span class='ocrx_word' id='word_1_95' title='bbox 900 837 929 891; x_wconf 92' lang='lat' dir='ltr'><strong>id</strong></span> <span class='ocrx_word' id='word_1_96' title='bbox 946 840 991 891; x_wconf 88' lang='lat' dir='ltr'><strong>est</strong></span> <span class='ocrx_word' id='word_1_97' title='bbox 1042 836 1106 907; x_wconf 88' lang='lat' dir='ltr'><strong>ejus</strong></span> <span class='ocrx_word' id='word_1_98' title='bbox 1122 834 1333 904; x_wconf 88' lang='lat' dir='ltr'><strong>densabuntur,</strong></span> <span class='ocrx_word' id='word_1_99' title='bbox 1352 856 1366 884; x_wconf 87' lang='lat'>»</span> <span class='ocrx_word' id='word_1_100' title='bbox 1382 834 1410 888; x_wconf 93' lang='lat' dir='ltr'><strong>id</strong></span> <span class='ocrx_word' id='word_1_101' title='bbox 1426 839 1471 890; x_wconf 91' lang='lat' dir='ltr'><strong>est</strong></span> <span class='ocrx_word' id='word_1_102' title='bbox 1485 834 1677 907; x_wconf 88' lang='lat' dir='ltr'><strong>cogitationes</strong></span> <span class='ocrx_word' id='word_1_103' title='bbox 1687 835 1754 905; x_wconf 85' lang='lat' dir='ltr'><strong>ejus</strong></span> <span class='ocrx_word' id='word_1_104' title='bbox 1769 837 1806 893; x_wconf 90' lang='lat' dir='ltr'><strong>ad</strong></span> <span class='ocrx_word' id='word_1_105' title='bbox 1821 854 1865 894; x_wconf 88' lang='lat' dir='ltr'><strong>us-</strong></span> 
     </span>
     <span class='ocr_line' id='line_1_9' title="bbox 169 922 1864 1010; baseline -0.006 -17"><span class='ocrx_word' id='word_1_106' title='bbox 169 936 331 1010; x_wconf 90' lang='lat' dir='ltr'><strong>hypocrita,</strong></span> <span class='ocrx_word' id='word_1_107' title='bbox 356 955 370 983; x_wconf 78' lang='lat' dir='ltr'><strong>n</strong></span> <span class='ocrx_word' id='word_1_108' title='bbox 400 933 512 1005; x_wconf 89' lang='lat' dir='ltr'><strong>absque</strong></span> <span class='ocrx_word' id='word_1_109' title='bbox 541 933 676 998; x_wconf 89' lang='lat' dir='ltr'><strong>humore,</strong></span> <span class='ocrx_word' id='word_1_110' title='bbox 713 952 727 979; x_wconf 73' lang='lat' dir='ltr'><strong>a</strong></span> <span class='ocrx_word' id='word_1_111' title='bbox 757 929 784 984; x_wconf 95' lang='lat' dir='ltr'><strong>id</strong></span> <span class='ocrx_word' id='word_1_112' title='bbox 825 932 881 994; x_wconf 90' lang='lat' dir='ltr'><strong>est,</strong></span> <span class='ocrx_word' id='word_1_113' title='bbox 924 927 989 981; x_wconf 91' lang='lat' dir='ltr'><strong>abs·</strong></span> <span class='ocrx_word' id='word_1_114' title='bbox 1041 925 1199 981; x_wconf 85' lang='lat' dir='ltr'><strong>tensionem</strong></span> <span class='ocrx_word' id='word_1_115' title='bbox 1220 922 1700 994; x_wconf 86' lang='lat' dir='ltr'><strong>bonioperismultiplicabuntur,</strong></span> <span class='ocrx_word' id='word_1_116' title='bbox 1724 927 1864 983; x_wconf 79' lang='lat' dir='ltr'><strong>«allator</strong></span> 
     </span>
     <span class='ocr_line' id='line_1_10' title="bbox 169 1012 1865 1099; baseline -0.005 -17"><span class='ocrx_word' id='word_1_117' title='bbox 169 1042 225 1099; x_wconf 90' lang='lat' dir='ltr'><strong>que</strong></span> <span class='ocrx_word' id='word_1_118' title='bbox 241 1026 339 1097; x_wconf 86' lang='lat' dir='ltr'><strong>aliquo</strong></span> <span class='ocrx_word' id='word_1_119' title='bbox 363 1024 439 1079; x_wconf 93' lang='lat' dir='ltr'><strong>dono</strong></span> <span class='ocrx_word' id='word_1_120' title='bbox 465 1037 598 1093; x_wconf 81' lang='lat' dir='ltr'><strong>superne</strong></span> <span class='ocrx_word' id='word_1_121' title='bbox 623 1019 732 1092; x_wconf 75' lang='lat' dir='ltr'><strong>gratie,</strong></span> <span class='ocrx_word' id='word_1_122' title='bbox 751 1016 794 1073; x_wconf 89' lang='lat' dir='ltr'><strong>vel</strong></span> <span class='ocrx_word' id='word_1_123' title='bbox 811 1017 873 1073; x_wconf 84' lang='lat' dir='ltr'><strong>eins</strong></span> <span class='ocrx_word' id='word_1_124' title='bbox 887 1016 989 1071; x_wconf 89' lang='lat' dir='ltr'><strong>incita·</strong></span> <span class='ocrx_word' id='word_1_125' title='bbox 1043 1012 1166 1086; x_wconf 86' lang='lat' dir='ltr'><strong>lapides,</strong></span> <span class='ocrx_word' id='word_1_126' title='bbox 1184 1035 1198 1062; x_wconf 77' lang='lat' dir='ltr'><strong>n</strong></span> <span class='ocrx_word' id='word_1_127' title='bbox 1222 1012 1249 1067; x_wconf 92' lang='lat' dir='ltr'><strong>id</strong></span> <span class='ocrx_word' id='word_1_128' title='bbox 1267 1017 1312 1069; x_wconf 88' lang='lat' dir='ltr'><strong>est</strong></span> <span class='ocrx_word' id='word_1_129' title='bbox 1325 1013 1402 1067; x_wconf 89' lang='lat' dir='ltr'><strong>inter</strong></span> <span class='ocrx_word' id='word_1_130' title='bbox 1424 1013 1558 1069; x_wconf 87' lang='lat' dir='ltr'><strong>homines</strong></span> <span class='ocrx_word' id='word_1_131' title='bbox 1582 1012 1665 1069; x_wconf 92' lang='lat' dir='ltr'><strong>illum</strong></span> <span class='ocrx_word' id='word_1_132' title='bbox 1683 1015 1865 1087; x_wconf 86' lang='lat' dir='ltr'><strong>aspicientes,</strong></span> 
     </span>
     <span class='ocr_line' id='line_1_11' title="bbox 169 1101 1864 1177; baseline -0.006 -7"><span class='ocrx_word' id='word_1_133' title='bbox 169 1123 266 1170; x_wconf 90' lang='lat' dir='ltr'><strong>mento</strong></span> <span class='ocrx_word' id='word_1_134' title='bbox 278 1108 539 1167; x_wconf 79' lang='lat' dir='ltr'><strong>laudisbumsnaei</strong></span> <span class='ocrx_word' id='word_1_135' title='bbox 550 1108 668 1177; x_wconf 85' lang='lat' dir='ltr'><strong>Scirpus</strong></span> <span class='ocrx_word' id='word_1_136' title='bbox 678 1123 757 1163; x_wconf 80' lang='lat' dir='ltr'><strong>earm</strong></span> <span class='ocrx_word' id='word_1_137' title='bbox 768 1110 813 1161; x_wconf 90' lang='lat' dir='ltr'><strong>est</strong></span> <span class='ocrx_word' id='word_1_138' title='bbox 822 1106 913 1160; x_wconf 88' lang='lat' dir='ltr'><strong>herba</strong></span> <span class='ocrx_word' id='word_1_139' title='bbox 923 1105 990 1159; x_wconf 89' lang='lat' dir='ltr'><strong>abs·</strong></span> <span class='ocrx_word' id='word_1_140' title='bbox 1044 1125 1058 1154; x_wconf 77' lang='lat' dir='ltr'><strong>a</strong></span> <span class='ocrx_word' id='word_1_141' title='bbox 1074 1101 1314 1169; x_wconf 69' lang='lat' dir='ltr'><strong>commorabitur,</strong></span> <span class='ocrx_word' id='word_1_142' title='bbox 1329 1122 1343 1152; x_wconf 84' lang='lat' dir='ltr'><strong>n</strong></span> <span class='ocrx_word' id='word_1_143' title='bbox 1361 1101 1389 1156; x_wconf 89' lang='lat' dir='ltr'><strong>id</strong></span> <span class='ocrx_word' id='word_1_144' title='bbox 1411 1107 1455 1157; x_wconf 90' lang='lat' dir='ltr'><strong>est</strong></span> <span class='ocrx_word' id='word_1_145' title='bbox 1466 1102 1497 1158; x_wconf 90' lang='lat' dir='ltr'><strong>in</strong></span> <span class='ocrx_word' id='word_1_146' title='bbox 1509 1104 1583 1158; x_wconf 91' lang='lat' dir='ltr'><strong>bono</strong></span> <span class='ocrx_word' id='word_1_147' title='bbox 1593 1119 1679 1175; x_wconf 89' lang='lat' dir='ltr'><strong>opere</strong></span> <span class='ocrx_word' id='word_1_148' title='bbox 1690 1109 1771 1160; x_wconf 90' lang='lat' dir='ltr'><strong>stare</strong></span> <span class='ocrx_word' id='word_1_149' title='bbox 1781 1121 1864 1161; x_wconf 83' lang='lat' dir='ltr'><strong>cona·</strong></span> 
     </span>
     <span class='ocr_line' id='line_1_12' title="bbox 168 1193 1135 1275; baseline -0.009 -18"><span class='ocrx_word' id='word_1_150' title='bbox 168 1219 225 1275; x_wconf 89' lang='lat' dir='ltr'><strong>que</strong></span> <span class='ocrx_word' id='word_1_151' title='bbox 236 1202 322 1268; x_wconf 86' lang='lat' dir='ltr'><strong>nodo,</strong></span> <span class='ocrx_word' id='word_1_152' title='bbox 339 1217 397 1272; x_wconf 87' lang='lat' dir='ltr'><strong>qua</strong></span> <span class='ocrx_word' id='word_1_153' title='bbox 408 1203 519 1269; x_wconf 76' lang='lat' dir='ltr'>segetes</span> <span class='ocrx_word' id='word_1_154' title='bbox 544 1194 922 1268; x_wconf 84' lang='lat' dir='ltr'><strong>conteguntur,signlticans</strong></span> <span class='ocrx_word' id='word_1_155' title='bbox 937 1193 990 1266; x_wconf 92' lang='lat' dir='ltr'><strong>hy·</strong></span> <span class='ocrx_word' id='word_1_156' title='bbox 1045 1193 1135 1248; x_wconf 90' lang='lat' dir='ltr'><strong>bitur.</strong></span> 
     </span>
     <span class='ocr_line' id='line_1_13' title="bbox 174 1281 1864 1364; baseline -0.005 -16"><span class='ocrx_word' id='word_1_157' title='bbox 174 1291 327 1364; x_wconf 89' lang='lat' dir='ltr'><strong>pocritam,</strong></span> <span class='ocrx_word' id='word_1_158' title='bbox 341 1289 392 1361; x_wconf 90' lang='lat' dir='ltr'><strong>qui</strong></span> <span class='ocrx_word' id='word_1_159' title='bbox 407 1288 595 1359; x_wconf 83' lang='lat' dir='ltr'><strong>absquevitio</strong></span> <span class='ocrx_word' id='word_1_160' title='bbox 608 1303 637 1342; x_wconf 90' lang='lat' dir='ltr'><strong>se</strong></span> <span class='ocrx_word' id='word_1_161' title='bbox 654 1302 718 1342; x_wconf 90' lang='lat' dir='ltr'><strong>esse</strong></span> <span class='ocrx_word' id='word_1_162' title='bbox 731 1291 891 1353; x_wconf 73' lang='lat' dir='ltr'><strong>ostentans,</strong></span> <span class='ocrx_word' id='word_1_163' title='bbox 908 1300 991 1340; x_wconf 87' lang='lat' dir='ltr'><strong>veros</strong></span> <span class='ocrx_word' id='word_1_164' title='bbox 1079 1282 1162 1338; x_wconf 79' lang='lat' dir='ltr'><strong>Vens.</strong></span> <span class='ocrx_word' id='word_1_165' title='bbox 1179 1281 1223 1339; x_wconf 89' lang='lat' dir='ltr'><strong>la.</strong></span> <span class='ocrx_word' id='word_1_166' title='bbox 1240 1312 1273 1322; x_wconf 90' lang='lat'>-</span> <span class='ocrx_word' id='word_1_167' title='bbox 1290 1302 1304 1332; x_wconf 84' lang='lat' dir='ltr'><strong>n</strong></span> <span class='ocrx_word' id='word_1_168' title='bbox 1319 1281 1347 1336; x_wconf 88' lang='lat' dir='ltr'><strong>si</strong></span> <span class='ocrx_word' id='word_1_169' title='bbox 1364 1281 1549 1338; x_wconf 79' lang='lat' dir='ltr'><strong>absorbuerit</strong></span> <span class='ocrx_word' id='word_1_170' title='bbox 1564 1296 1644 1352; x_wconf 86' lang='lat' dir='ltr'><strong>eum,</strong></span> <span class='ocrx_word' id='word_1_171' title='bbox 1662 1305 1677 1333; x_wconf 80' lang='grc' dir='ltr'>ε</span> <span class='ocrx_word' id='word_1_172' title='bbox 1696 1282 1812 1341; x_wconf 83' lang='grc' dir='ltr'>εθίΙίθθῖ</span> <span class='ocrx_word' id='word_1_173' title='bbox 1825 1284 1864 1340; x_wconf 93' lang='lat' dir='ltr'><strong>in·</strong></span> 
     </span>
     <span class='ocr_line' id='line_1_14' title="bbox 167 1370 1865 1453; baseline -0.004 -18"><span class='ocrx_word' id='word_1_174' title='bbox 167 1384 264 1453; x_wconf 87' lang='lat' dir='ltr'><strong>justos</strong></span> <span class='ocrx_word' id='word_1_175' title='bbox 275 1374 990 1452; x_wconf 71' lang='lat' dir='ltr'><strong>opinionesanctitatiseupergredinititurntAutn</strong></span> <span class='ocrx_word' id='word_1_176' title='bbox 1045 1374 1148 1426; x_wconf 92' lang='lat' dir='ltr'><strong>ternus</strong></span> <span class='ocrx_word' id='word_1_177' title='bbox 1163 1371 1283 1438; x_wconf 80' lang='lat' dir='ltr'><strong>arbiter,</strong></span> <span class='ocrx_word' id='word_1_178' title='bbox 1301 1389 1315 1422; x_wconf 80' lang='lat' dir='ltr'><strong>s</strong></span> <span class='ocrx_word' id='word_1_179' title='bbox 1330 1371 1365 1426; x_wconf 90' lang='lat' dir='ltr'><strong>de</strong></span> <span class='ocrx_word' id='word_1_180' title='bbox 1382 1370 1445 1426; x_wconf 90' lang='lat' dir='ltr'><strong>loco</strong></span> <span class='ocrx_word' id='word_1_181' title='bbox 1461 1387 1552 1435; x_wconf 69' lang='lat' dir='ltr'><strong>suna</strong></span> <span class='ocrx_word' id='word_1_182' title='bbox 1575 1371 1603 1425; x_wconf 90' lang='lat' dir='ltr'><strong>id</strong></span> <span class='ocrx_word' id='word_1_183' title='bbox 1621 1376 1665 1427; x_wconf 88' lang='lat' dir='ltr'><strong>est</strong></span> <span class='ocrx_word' id='word_1_184' title='bbox 1676 1391 1694 1427; x_wconf 86' lang='lat' dir='ltr'><strong>a</strong></span> <span class='ocrx_word' id='word_1_185' title='bbox 1720 1373 1865 1444; x_wconf 78' lang='lat' dir='ltr'><strong>praesentis</strong></span> 
     </span>
     <span class='ocr_line' id='line_1_15' title="bbox 172 1458 1864 1540; baseline -0.005 -14"><span class='ocrx_word' id='word_1_186' title='bbox 172 1470 298 1526; x_wconf 82' lang='lat' dir='ltr'><strong>subaudi</strong></span> <span class='ocrx_word' id='word_1_187' title='bbox 322 1463 991 1540; x_wconf 87' lang='lat' dir='ltr'><strong>nunquid,«carectumcrescerepoteslsine</strong></span> <span class='ocrx_word' id='word_1_188' title='bbox 1044 1460 1108 1514; x_wconf 76' lang='lat' dir='ltr'><strong>vite</strong></span> <span class='ocrx_word' id='word_1_189' title='bbox 1125 1459 1282 1527; x_wconf 76' lang='lat' dir='ltr'><strong>favoribus,</strong></span> <span class='ocrx_word' id='word_1_190' title='bbox 1312 1458 1467 1531; x_wconf 88' lang='lat' dir='ltr'><strong>inquibus</strong></span> <span class='ocrx_word' id='word_1_191' title='bbox 1490 1465 1551 1515; x_wconf 87' lang='lat' dir='ltr'><strong>tots</strong></span> <span class='ocrx_word' id='word_1_192' title='bbox 1572 1464 1670 1516; x_wconf 90' lang='lat' dir='ltr'><strong>mente</strong></span> <span class='ocrx_word' id='word_1_193' title='bbox 1699 1460 1864 1531; x_wconf 84' lang='lat' dir='ltr'><strong>collocatur,</strong></span> 
     </span>
     <span class='ocr_line' id='line_1_16' title="bbox 173 1550 1864 1631; baseline -0.005 -15"><span class='ocrx_word' id='word_1_194' title='bbox 173 1576 259 1631; x_wconf 89' lang='lat' dir='ltr'><strong>aqua,</strong></span> <span class='ocrx_word' id='word_1_195' title='bbox 278 1580 291 1608; x_wconf 77' lang='lat' dir='ltr'><strong>n</strong></span> <span class='ocrx_word' id='word_1_196' title='bbox 304 1559 332 1613; x_wconf 91' lang='lat' dir='ltr'><strong>id</strong></span> <span class='ocrx_word' id='word_1_197' title='bbox 349 1563 391 1613; x_wconf 85' lang='grc' dir='ltr'>θεῖ</span> <span class='ocrx_word' id='word_1_198' title='bbox 411 1557 562 1630; x_wconf 76' lang='lat' dir='ltr'><strong>hypocrita</strong></span> <span class='ocrx_word' id='word_1_199' title='bbox 578 1555 708 1627; x_wconf 92' lang='lat' dir='ltr'><strong>nunquid</strong></span> <span class='ocrx_word' id='word_1_200' title='bbox 735 1554 913 1625; x_wconf 89' lang='lat' dir='ltr'><strong>conspicuus</strong></span> <span class='ocrx_word' id='word_1_201' title='bbox 928 1568 992 1608; x_wconf 89' lang='lat' dir='ltr'><strong>esse</strong></span> <span class='ocrx_word' id='word_1_202' title='bbox 1047 1574 1058 1600; x_wconf 78' lang='grc' dir='ltr'>ι</span> <span class='ocrx_word' id='word_1_203' title='bbox 1076 1550 1194 1622; x_wconf 79' lang='lat' dir='ltr'><strong>negabit</strong></span> <span class='ocrx_word' id='word_1_204' title='bbox 1211 1567 1289 1616; x_wconf 88' lang='lat' dir='ltr'><strong>eum,</strong></span> <span class='ocrx_word' id='word_1_205' title='bbox 1306 1554 1335 1606; x_wconf 90' lang='lat' dir='ltr'><strong>st</strong></span> <span class='ocrx_word' id='word_1_206' title='bbox 1350 1551 1443 1606; x_wconf 89' lang='lat' dir='ltr'><strong>dicet:</strong></span> <span class='ocrx_word' id='word_1_207' title='bbox 1459 1550 1522 1607; x_wconf 91' lang='lat' dir='ltr'><strong>Non</strong></span> <span class='ocrx_word' id='word_1_208' title='bbox 1538 1552 1604 1607; x_wconf 89' lang='lat' dir='ltr'><strong>novi</strong></span> <span class='ocrx_word' id='word_1_209' title='bbox 1618 1557 1656 1618; x_wconf 89' lang='lat' dir='ltr'><strong>ts,</strong></span> <span class='ocrx_word' id='word_1_210' title='bbox 1675 1573 1686 1603; x_wconf 80' lang='grc' dir='ltr'><strong>ι</strong></span> <span class='ocrx_word' id='word_1_211' title='bbox 1705 1551 1733 1608; x_wconf 95' lang='lat' dir='ltr'><strong>id</strong></span> <span class='ocrx_word' id='word_1_212' title='bbox 1751 1558 1799 1608; x_wconf 86' lang='lat' dir='ltr'><strong>est</strong></span> <span class='ocrx_word' id='word_1_213' title='bbox 1815 1569 1864 1608; x_wconf 92' lang='lat' dir='ltr'><strong>non</strong></span> 
     </span>
     <span class='ocr_line' id='line_1_17' title="bbox 171 1638 1865 1725; baseline -0.005 -20"><span class='ocrx_word' id='word_1_214' title='bbox 171 1653 282 1721; x_wconf 91' lang='lat' dir='ltr'><strong>postest</strong></span> <span class='ocrx_word' id='word_1_215' title='bbox 292 1647 356 1704; x_wconf 90' lang='lat' dir='ltr'><strong>sine</strong></span> <span class='ocrx_word' id='word_1_216' title='bbox 366 1646 460 1719; x_wconf 90' lang='lat' dir='ltr'><strong>aliqua</strong></span> <span class='ocrx_word' id='word_1_217' title='bbox 471 1645 603 1701; x_wconf 87' lang='lat' dir='ltr'><strong>dstaeibi</strong></span> <span class='ocrx_word' id='word_1_218' title='bbox 619 1648 743 1716; x_wconf 81' lang='lat' dir='ltr'><strong>desuper</strong></span> <span class='ocrx_word' id='word_1_219' title='bbox 758 1643 887 1700; x_wconf 83' lang='lat' dir='ltr'><strong>scientim</strong></span> <span class='ocrx_word' id='word_1_220' title='bbox 901 1641 942 1697; x_wconf 90' lang='lat' dir='ltr'><strong>vei</strong></span> <span class='ocrx_word' id='word_1_221' title='bbox 954 1642 993 1696; x_wconf 91' lang='lat' dir='ltr'><strong>ei·</strong></span> <span class='ocrx_word' id='word_1_222' title='bbox 1006 1660 1030 1725; x_wconf 79' lang='lat' dir='ltr'>B</span> <span class='ocrx_word' id='word_1_223' title='bbox 1045 1639 1174 1711; x_wconf 91' lang='lat' dir='ltr'><strong>approbo</strong></span> <span class='ocrx_word' id='word_1_224' title='bbox 1190 1644 1228 1707; x_wconf 91' lang='lat' dir='ltr'><strong>te,</strong></span> <span class='ocrx_word' id='word_1_225' title='bbox 1259 1640 1335 1695; x_wconf 90' lang='lat' dir='ltr'><strong>sicut</strong></span> <span class='ocrx_word' id='word_1_226' title='bbox 1351 1639 1380 1694; x_wconf 92' lang='lat' dir='ltr'><strong>in</strong></span> <span class='ocrx_word' id='word_1_227' title='bbox 1411 1638 1566 1711; x_wconf 83' lang='lat' dir='ltr'><strong>Evangelio</strong></span> <span class='ocrx_word' id='word_1_228' title='bbox 1581 1639 1669 1696; x_wconf 84' lang='lat' dir='ltr'><strong>istuis</strong></span> <span class='ocrx_word' id='word_1_229' title='bbox 1686 1640 1865 1713; x_wconf 85' lang='lat' dir='ltr'><strong>virginibus:</strong></span> 
     </span>
     <span class='ocr_line' id='line_1_18' title="bbox 171 1727 1864 1812; baseline -0.004 -19"><span class='ocrx_word' id='word_1_230' title='bbox 171 1754 295 1812; x_wconf 89' lang='lat' dir='ltr'><strong>gaurum</strong></span> <span class='ocrx_word' id='word_1_231' title='bbox 312 1737 455 1809; x_wconf 79' lang='lat' dir='ltr'><strong>potentia!</strong></span> <span class='ocrx_word' id='word_1_232' title='bbox 473 1735 651 1792; x_wconf 80' lang='lat' dir='ltr'><strong>Careaenim</strong></span> <span class='ocrx_word' id='word_1_233' title='bbox 662 1734 806 1789; x_wconf 90' lang='lat' dir='ltr'><strong>estberba</strong></span> <span class='ocrx_word' id='word_1_234' title='bbox 822 1730 993 1788; x_wconf 86' lang='lat' dir='ltr'><strong>acutissima</strong></span> <span class='ocrx_word' id='word_1_235' title='bbox 1045 1750 1060 1779; x_wconf 80' lang='lat' dir='ltr'><strong>s</strong></span> <span class='ocrx_word' id='word_1_236' title='bbox 1076 1731 1205 1795; x_wconf 66' lang='lat' dir='ltr'><strong>Amen·</strong></span> <span class='ocrx_word' id='word_1_237' title='bbox 1238 1727 1344 1796; x_wconf 88' lang='lat' dir='ltr'><strong>inquit,</strong></span> <span class='ocrx_word' id='word_1_238' title='bbox 1372 1727 1436 1783; x_wconf 90' lang='lat' dir='ltr'><strong>dico</strong></span> <span class='ocrx_word' id='word_1_239' title='bbox 1452 1727 1534 1784; x_wconf 93' lang='lat' dir='ltr'><strong>vobis</strong></span> <span class='ocrx_word' id='word_1_240' title='bbox 1546 1750 1560 1778; x_wconf 82' lang='grc' dir='ltr'>α</span> <span class='ocrx_word' id='word_1_241' title='bbox 1577 1732 1675 1785; x_wconf 89' lang='lat' dir='ltr'><strong>nescio</strong></span> <span class='ocrx_word' id='word_1_242' title='bbox 1691 1746 1744 1785; x_wconf 87' lang='lat' dir='ltr'><strong>vos</strong></span> <span class='ocrx_word' id='word_1_243' title='bbox 1761 1730 1864 1802; x_wconf 74' lang='lat' dir='ltr'><strong>(nael.</strong></span> 
     </span>
     <span class='ocr_line' id='line_1_19' title="bbox 170 1818 1331 1898; baseline -0.013 -13"><span class='ocrx_word' id='word_1_244' title='bbox 170 1835 199 1885; x_wconf 89' lang='lat' dir='ltr'><strong>et</strong></span> <span class='ocrx_word' id='word_1_245' title='bbox 213 1827 487 1898; x_wconf 86' lang='lat' dir='ltr'><strong>durissima,sparto</strong></span> <span class='ocrx_word' id='word_1_246' title='bbox 497 1823 615 1894; x_wconf 85' lang='lat' dir='ltr'><strong>similis,</strong></span> <span class='ocrx_word' id='word_1_247' title='bbox 629 1824 810 1896; x_wconf 77' lang='lat' dir='ltr'><strong>hypocritam</strong></span> <span class='ocrx_word' id='word_1_248' title='bbox 823 1820 993 1894; x_wconf 86' lang='lat' dir='ltr'><strong>significans</strong></span> <span class='ocrx_word' id='word_1_249' title='bbox 1045 1819 1120 1888; x_wconf 82' lang='lat' dir='ltr'><strong>xxv).</strong></span> <span class='ocrx_word' id='word_1_250' title='bbox 1139 1837 1151 1869; x_wconf 75' lang='lat' dir='ltr'><strong>a</strong></span> <span class='ocrx_word' id='word_1_251' title='bbox 1168 1818 1202 1873; x_wconf 80' lang='lat' dir='ltr'><strong>lle</strong></span> <span class='ocrx_word' id='word_1_252' title='bbox 1216 1818 1331 1873; x_wconf 90' lang='lat' dir='ltr'><strong>meritc.</strong></span> 
     </span>
     <span class='ocr_line' id='line_1_20' title="bbox 170 1914 1865 1990; baseline -0.001 -16"><span class='ocrx_word' id='word_1_253' title='bbox 170 1934 221 1990; x_wconf 87' lang='lat' dir='ltr'><strong>per</strong></span> <span class='ocrx_word' id='word_1_254' title='bbox 236 1917 291 1973; x_wconf 89' lang='lat' dir='ltr'><strong>hnc</strong></span> <span class='ocrx_word' id='word_1_255' title='bbox 306 1918 381 1988; x_wconf 91' lang='lat' dir='ltr'><strong>quod</strong></span> <span class='ocrx_word' id='word_1_256' title='bbox 399 1918 543 1988; x_wconf 87' lang='lat' dir='ltr'><strong>sequitur,</strong></span> <span class='ocrx_word' id='word_1_257' title='bbox 559 1914 690 1970; x_wconf 83' lang='lat' dir='ltr'><strong>videlicet</strong></span> <span class='ocrx_word' id='word_1_258' title='bbox 705 1914 791 1985; x_wconf 86' lang='lat' dir='ltr'><strong>qnia:</strong></span> <span class='ocrx_word' id='word_1_259' title='bbox 1079 1915 1168 1971; x_wconf 81' lang='lat' dir='ltr'><strong>Vens.</strong></span> <span class='ocrx_word' id='word_1_260' title='bbox 1183 1917 1225 1971; x_wconf 88' lang='lat'><strong>19.</strong></span> <span class='ocrx_word' id='word_1_261' title='bbox 1242 1946 1276 1956; x_wconf 96' lang='lat'><em>-</em></span> <span class='ocrx_word' id='word_1_262' title='bbox 1292 1938 1305 1965; x_wconf 77' lang='grc' dir='ltr'>α</span> <span class='ocrx_word' id='word_1_263' title='bbox 1319 1919 1384 1972; x_wconf 83' lang='lat' dir='ltr'><strong>llae</strong></span> <span class='ocrx_word' id='word_1_264' title='bbox 1399 1919 1446 1971; x_wconf 88' lang='lat' dir='ltr'><strong>est</strong></span> <span class='ocrx_word' id='word_1_265' title='bbox 1459 1915 1538 1972; x_wconf 88' lang='lat' dir='ltr'><strong>enim</strong></span> <span class='ocrx_word' id='word_1_266' title='bbox 1554 1915 1654 1972; x_wconf 79' lang='lat' dir='ltr'><strong>latitia</strong></span> <span class='ocrx_word' id='word_1_267' title='bbox 1668 1917 1734 1984; x_wconf 78' lang='lat' dir='ltr'><strong>vite,</strong></span> <span class='ocrx_word' id='word_1_268' title='bbox 1755 1941 1767 1967; x_wconf 83' lang='grc' dir='ltr'><strong>ι</strong></span> <span class='ocrx_word' id='word_1_269' title='bbox 1786 1917 1865 1975; x_wconf 89' lang='lat' dir='ltr'><strong>idest</strong></span> 
     </span>
     <span class='ocr_line' id='line_1_21' title="bbox 205 1999 1867 2077; baseline 0.001 -17"><span class='ocrx_word' id='word_1_270' title='bbox 205 2011 295 2063; x_wconf 75' lang='lat' dir='ltr'><strong>Vens.</strong></span> <span class='ocrx_word' id='word_1_271' title='bbox 309 2008 351 2061; x_wconf 83' lang='lat'><strong>12.</strong></span> <span class='ocrx_word' id='word_1_272' title='bbox 367 2035 401 2046; x_wconf 85' lang='lat'><em>-</em></span> <span class='ocrx_word' id='word_1_273' title='bbox 415 2027 429 2055; x_wconf 91' lang='lat'>«</span> <span class='ocrx_word' id='word_1_274' title='bbox 446 2004 518 2060; x_wconf 89' lang='lat' dir='ltr'><strong>Cum</strong></span> <span class='ocrx_word' id='word_1_275' title='bbox 535 2004 630 2060; x_wconf 86' lang='lat' dir='ltr'><strong>adhuc</strong></span> <span class='ocrx_word' id='word_1_276' title='bbox 647 2003 684 2058; x_wconf 90' lang='lat' dir='ltr'><strong>sil</strong></span> <span class='ocrx_word' id='word_1_277' title='bbox 699 2005 728 2058; x_wconf 91' lang='lat' dir='ltr'><strong>in</strong></span> <span class='ocrx_word' id='word_1_278' title='bbox 743 2002 824 2068; x_wconf 86' lang='lat' dir='ltr'><strong>liors,</strong></span> <span class='ocrx_word' id='word_1_279' title='bbox 839 2001 891 2057; x_wconf 90' lang='lat' dir='ltr'><strong>»id</strong></span> <span class='ocrx_word' id='word_1_280' title='bbox 907 1999 993 2056; x_wconf 90' lang='lat' dir='ltr'><strong>estin</strong></span> <span class='ocrx_word' id='word_1_281' title='bbox 1046 2006 1196 2077; x_wconf 77' lang='lat' dir='ltr'><strong>praesentis</strong></span> <span class='ocrx_word' id='word_1_282' title='bbox 1211 2006 1288 2071; x_wconf 84' lang='lat' dir='ltr'><strong>vitas,</strong></span> <span class='ocrx_word' id='word_1_283' title='bbox 1304 2029 1318 2056; x_wconf 73' lang='grc' dir='ltr'>α</span> <span class='ocrx_word' id='word_1_284' title='bbox 1332 2007 1395 2076; x_wconf 87' lang='lat' dir='ltr'><strong>ejus</strong></span> <span class='ocrx_word' id='word_1_285' title='bbox 1411 2010 1443 2060; x_wconf 88' lang='lat' dir='ltr'><strong>ut</strong></span> <span class='ocrx_word' id='word_1_286' title='bbox 1458 2022 1575 2061; x_wconf 88' lang='lat' dir='ltr'><strong>rursum</strong></span> <span class='ocrx_word' id='word_1_287' title='bbox 1592 2006 1627 2061; x_wconf 92' lang='lat' dir='ltr'><strong>de</strong></span> <span class='ocrx_word' id='word_1_288' title='bbox 1643 2010 1735 2075; x_wconf 81' lang='lat' dir='ltr'><strong>terra,</strong></span> <span class='ocrx_word' id='word_1_289' title='bbox 1753 2029 1769 2057; x_wconf 75' lang='lat' dir='ltr'><strong>a</strong></span> <span class='ocrx_word' id='word_1_290' title='bbox 1785 2007 1814 2063; x_wconf 94' lang='lat' dir='ltr'><strong>id</strong></span> <span class='ocrx_word' id='word_1_291' title='bbox 1830 2010 1867 2064; x_wconf 85' lang='lat' dir='ltr'><strong>est</strong></span> 
     </span>
     <span class='ocr_line' id='line_1_22' title="bbox 171 2090 1866 2168; baseline -0.002 -14"><span class='ocrx_word' id='word_1_292' title='bbox 171 2096 292 2165; x_wconf 70' lang='lat' dir='ltr'><strong>laude«</strong></span> <span class='ocrx_word' id='word_1_293' title='bbox 304 2112 358 2153; x_wconf 90' lang='lat' dir='ltr'><strong>nec</strong></span> <span class='ocrx_word' id='word_1_294' title='bbox 373 2100 511 2166; x_wconf 89' lang='lat' dir='ltr'><strong>carpatur</strong></span> <span class='ocrx_word' id='word_1_295' title='bbox 523 2109 628 2160; x_wconf 91' lang='lat' dir='ltr'><strong>manu;</strong></span> <span class='ocrx_word' id='word_1_296' title='bbox 643 2092 796 2163; x_wconf 84' lang='lat' dir='ltr'><strong>»quisquis</strong></span> <span class='ocrx_word' id='word_1_297' title='bbox 806 2091 884 2146; x_wconf 89' lang='lat' dir='ltr'><strong>enim</strong></span> <span class='ocrx_word' id='word_1_298' title='bbox 901 2090 992 2163; x_wconf 92' lang='lat' dir='ltr'><strong>hypo·</strong></span> <span class='ocrx_word' id='word_1_299' title='bbox 1045 2095 1080 2150; x_wconf 92' lang='lat' dir='ltr'><strong>de</strong></span> <span class='ocrx_word' id='word_1_300' title='bbox 1095 2095 1258 2151; x_wconf 88' lang='lat' dir='ltr'><strong>imitatione</strong></span> <span class='ocrx_word' id='word_1_301' title='bbox 1272 2095 1407 2162; x_wconf 80' lang='lat' dir='ltr'><strong>sua,sa1ii</strong></span> <span class='ocrx_word' id='word_1_302' title='bbox 1423 2095 1637 2168; x_wconf 84' lang='lat' dir='ltr'><strong>germinentur,</strong></span> <span class='ocrx_word' id='word_1_303' title='bbox 1653 2114 1666 2148; x_wconf 76' lang='grc' dir='ltr'>ε</span> <span class='ocrx_word' id='word_1_304' title='bbox 1686 2096 1776 2153; x_wconf 87' lang='lat' dir='ltr'><strong>idest</strong></span> <span class='ocrx_word' id='word_1_305' title='bbox 1790 2095 1866 2153; x_wconf 89' lang='lat' dir='ltr'><strong>mulli</strong></span> 
     </span>
     <span class='ocr_line' id='line_1_23' title="bbox 171 2179 1424 2257; baseline -0.003 -15"><span class='ocrx_word' id='word_1_306' title='bbox 171 2186 274 2243; x_wconf 89' lang='lat' dir='ltr'><strong>critam</strong></span> <span class='ocrx_word' id='word_1_307' title='bbox 290 2185 434 2255; x_wconf 85' lang='lat' dir='ltr'><strong>corripere</strong></span> <span class='ocrx_word' id='word_1_308' title='bbox 446 2184 543 2248; x_wconf 90' lang='lat' dir='ltr'><strong>nudet,</strong></span> <span class='ocrx_word' id='word_1_309' title='bbox 552 2183 684 2254; x_wconf 85' lang='lat' dir='ltr'><strong>protinus</strong></span> <span class='ocrx_word' id='word_1_310' title='bbox 697 2179 940 2254; x_wconf 88' lang='lat' dir='ltr'><strong>asperitateiilins</strong></span> <span class='ocrx_word' id='word_1_311' title='bbox 951 2180 994 2234; x_wconf 91' lang='lat' dir='ltr'><strong>vi·</strong></span> <span class='ocrx_word' id='word_1_312' title='bbox 1045 2183 1202 2257; x_wconf 76' lang='lat' dir='ltr'><strong>hypocrite</strong></span> <span class='ocrx_word' id='word_1_313' title='bbox 1215 2189 1424 2257; x_wconf 88' lang='lat' dir='ltr'><strong>propagentur.</strong></span> 
     </span>
     <span class='ocr_line' id='line_1_24' title="bbox 170 2270 1866 2346; baseline 0.002 -16"><span class='ocrx_word' id='word_1_314' title='bbox 170 2283 199 2331; x_wconf 88' lang='lat' dir='ltr'><strong>ta</strong></span> <span class='ocrx_word' id='word_1_315' title='bbox 221 2274 550 2346; x_wconf 87' lang='lat' dir='ltr'><strong>corripientissecalnr;</strong></span> <span class='ocrx_word' id='word_1_316' title='bbox 568 2295 582 2324; x_wconf 78' lang='lat' dir='ltr'><strong>a</strong></span> <span class='ocrx_word' id='word_1_317' title='bbox 612 2270 906 2329; x_wconf 87' lang='lat' dir='ltr'><strong>anteomnesberbae</strong></span> <span class='ocrx_word' id='word_1_318' title='bbox 928 2287 993 2325; x_wconf 89' lang='lat' dir='ltr'><strong>are·</strong></span> <span class='ocrx_word' id='word_1_319' title='bbox 1080 2271 1794 2346; x_wconf 62' lang='lat' dir='ltr'><strong>Venethi—«Deusnonprcjioietaimpiicem.</strong></span> <span class='ocrx_word' id='word_1_320' title='bbox 1813 2276 1866 2332; x_wconf 66' lang='lat' dir='ltr'><strong>nde</strong></span> 
     </span>
     <span class='ocr_line' id='line_1_25' title="bbox 171 2360 1863 2436; baseline 0.001 -16"><span class='ocrx_word' id='word_1_321' title='bbox 171 2365 238 2431; x_wconf 89' lang='lat' dir='ltr'><strong>scit,</strong></span> <span class='ocrx_word' id='word_1_322' title='bbox 254 2383 267 2416; x_wconf 81' lang='grc' dir='ltr'>ι</span> <span class='ocrx_word' id='word_1_323' title='bbox 286 2363 314 2419; x_wconf 92' lang='lat' dir='ltr'><strong>id</strong></span> <span class='ocrx_word' id='word_1_324' title='bbox 332 2367 376 2418; x_wconf 88' lang='lat' dir='ltr'><strong>est</strong></span> <span class='ocrx_word' id='word_1_325' title='bbox 395 2367 462 2417; x_wconf 88' lang='lat' dir='ltr'><strong>ante</strong></span> <span class='ocrx_word' id='word_1_326' title='bbox 477 2361 540 2416; x_wconf 78' lang='lat' dir='ltr'><strong>vite</strong></span> <span class='ocrx_word' id='word_1_327' title='bbox 554 2362 725 2430; x_wconf 86' lang='lat' dir='ltr'><strong>terminum,</strong></span> <span class='ocrx_word' id='word_1_328' title='bbox 741 2377 799 2432; x_wconf 91' lang='lat' dir='ltr'><strong>quo</strong></span> <span class='ocrx_word' id='word_1_329' title='bbox 814 2360 910 2415; x_wconf 90' lang='lat' dir='ltr'><strong>omnis</strong></span> <span class='ocrx_word' id='word_1_330' title='bbox 925 2376 993 2414; x_wconf 88' lang='lat' dir='ltr'><strong>caro</strong></span> <span class='ocrx_word' id='word_1_331' title='bbox 1046 2363 1068 2419; x_wconf 88' lang='lat' dir='ltr'><strong>si</strong></span> <span class='ocrx_word' id='word_1_332' title='bbox 1085 2364 1182 2418; x_wconf 88' lang='lat' dir='ltr'><strong>dicat:</strong></span> <span class='ocrx_word' id='word_1_333' title='bbox 1200 2363 1285 2418; x_wconf 92' lang='lat' dir='ltr'><strong>iilum</strong></span> <span class='ocrx_word' id='word_1_334' title='bbox 1303 2365 1361 2418; x_wconf 88' lang='lat' dir='ltr'><strong>noli</strong></span> <span class='ocrx_word' id='word_1_335' title='bbox 1378 2364 1499 2428; x_wconf 89' lang='lat' dir='ltr'><strong>imitari,</strong></span> <span class='ocrx_word' id='word_1_336' title='bbox 1515 2364 1566 2418; x_wconf 89' lang='lat' dir='ltr'><strong>sed</strong></span> <span class='ocrx_word' id='word_1_337' title='bbox 1584 2368 1647 2421; x_wconf 88' lang='lat' dir='ltr'><strong>estc</strong></span> <span class='ocrx_word' id='word_1_338' title='bbox 1658 2364 1788 2436; x_wconf 87' lang='lat' dir='ltr'><strong>simplex</strong></span> <span class='ocrx_word' id='word_1_339' title='bbox 1804 2365 1863 2436; x_wconf 85' lang='lat' dir='ltr'><strong>quis</strong></span> 
     </span>
     <span class='ocr_line' id='line_1_26' title="bbox 173 2448 1865 2526; baseline 0.001 -17"><span class='ocrx_word' id='word_1_340' title='bbox 173 2453 290 2522; x_wconf 88' lang='lat' dir='ltr'><strong>arescit,</strong></span> <span class='ocrx_word' id='word_1_341' title='bbox 307 2452 342 2509; x_wconf 89' lang='lat' dir='ltr'><strong>de</strong></span> <span class='ocrx_word' id='word_1_342' title='bbox 358 2469 416 2524; x_wconf 89' lang='lat' dir='ltr'><strong>qus</strong></span> <span class='ocrx_word' id='word_1_343' title='bbox 436 2452 547 2506; x_wconf 89' lang='lat' dir='ltr'><strong>dictum</strong></span> <span class='ocrx_word' id='word_1_344' title='bbox 564 2456 628 2506; x_wconf 89' lang='lat' dir='ltr'><strong>est:</strong></span> <span class='ocrx_word' id='word_1_345' title='bbox 645 2472 659 2500; x_wconf 89' lang='lat'>«</span> <span class='ocrx_word' id='word_1_346' title='bbox 685 2448 786 2506; x_wconf 90' lang='lat' dir='ltr'><strong>Omnis</strong></span> <span class='ocrx_word' id='word_1_347' title='bbox 811 2466 877 2505; x_wconf 88' lang='lat' dir='ltr'><strong>caro</strong></span> <span class='ocrx_word' id='word_1_348' title='bbox 894 2452 993 2504; x_wconf 84' lang='lat' dir='ltr'><strong>tenum</strong></span> <span class='ocrx_word' id='word_1_349' title='bbox 1045 2451 1122 2506; x_wconf 89' lang='lat' dir='ltr'><strong>Deus</strong></span> <span class='ocrx_word' id='word_1_350' title='bbox 1139 2468 1222 2507; x_wconf 76' lang='lat' dir='ltr'><strong>«non</strong></span> <span class='ocrx_word' id='word_1_351' title='bbox 1234 2451 1366 2523; x_wconf 84' lang='lat' dir='ltr'><strong>projiciet</strong></span> <span class='ocrx_word' id='word_1_352' title='bbox 1377 2453 1540 2523; x_wconf 79' lang='lat' dir='ltr'><strong>simplicem</strong></span> <span class='ocrx_word' id='word_1_353' title='bbox 1552 2454 1679 2509; x_wconf 84' lang='lat' dir='ltr'><strong>subaudi</strong></span> <span class='ocrx_word' id='word_1_354' title='bbox 1691 2455 1780 2526; x_wconf 89' lang='lat' dir='ltr'><strong>cujus</strong></span> <span class='ocrx_word' id='word_1_355' title='bbox 1797 2469 1865 2511; x_wconf 90' lang='lat' dir='ltr'><strong>nunc</strong></span> 
     </span>
     <span class='ocr_line' id='line_1_27' title="bbox 173 2539 1865 2617; baseline -0.001 -18"><span class='ocrx_word' id='word_1_356' title='bbox 173 2544 236 2614; x_wconf 75' lang='lat' dir='ltr'><strong>(isc.</strong></span> <span class='ocrx_word' id='word_1_357' title='bbox 253 2550 309 2610; x_wconf 80' lang='lat' dir='ltr'><strong>aa),</strong></span> <span class='ocrx_word' id='word_1_358' title='bbox 321 2565 336 2591; x_wconf 86' lang='grc'>»</span> <span class='ocrx_word' id='word_1_359' title='bbox 352 2548 419 2596; x_wconf 84' lang='lat' dir='ltr'><strong>ante</strong></span> <span class='ocrx_word' id='word_1_360' title='bbox 434 2542 497 2596; x_wconf 82' lang='lat' dir='ltr'><strong>vitm</strong></span> <span class='ocrx_word' id='word_1_361' title='bbox 514 2540 684 2607; x_wconf 89' lang='lat' dir='ltr'><strong>terminum,</strong></span> <span class='ocrx_word' id='word_1_362' title='bbox 706 2540 839 2611; x_wconf 89' lang='lat' dir='ltr'><strong>inquam,</strong></span> <span class='ocrx_word' id='word_1_363' title='bbox 854 2540 919 2594; x_wconf 77' lang='lat' dir='ltr'><strong>vita</strong></span> <span class='ocrx_word' id='word_1_364' title='bbox 942 2540 993 2611; x_wconf 90' lang='lat' dir='ltr'><strong>hy·</strong></span> <span class='ocrx_word' id='word_1_365' title='bbox 1046 2539 1205 2613; x_wconf 85' lang='lat' dir='ltr'><strong>despicitur</strong></span> <span class='ocrx_word' id='word_1_366' title='bbox 1224 2539 1400 2612; x_wconf 82' lang='lat' dir='ltr'><strong>simplicitas</strong></span> <span class='ocrx_word' id='word_1_367' title='bbox 1418 2562 1432 2591; x_wconf 71' lang='grc' dir='ltr'><strong>«ι</strong></span> <span class='ocrx_word' id='word_1_368' title='bbox 1447 2557 1483 2596; x_wconf 92' lang='lat' dir='ltr'><strong>ne</strong></span> <span class='ocrx_word' id='word_1_369' title='bbox 1499 2542 1629 2614; x_wconf 88' lang='lat' dir='ltr'><strong>porrigat</strong></span> <span class='ocrx_word' id='word_1_370' title='bbox 1646 2543 1712 2616; x_wconf 88' lang='lat' dir='ltr'><strong>[nec</strong></span> <span class='ocrx_word' id='word_1_371' title='bbox 1733 2544 1865 2617; x_wconf 88' lang='lat' dir='ltr'><strong>porriget]</strong></span> 
     </span>
     <span class='ocr_line' id='line_1_28' title="bbox 171 2629 1866 2704; baseline -0.001 -16"><span class='ocrx_word' id='word_1_372' title='bbox 171 2635 349 2704; x_wconf 90' lang='lat' dir='ltr'><strong>pocritarum</strong></span> <span class='ocrx_word' id='word_1_373' title='bbox 361 2630 417 2686; x_wconf 89' lang='lat' dir='ltr'><strong>vila</strong></span> <span class='ocrx_word' id='word_1_374' title='bbox 434 2631 570 2698; x_wconf 86' lang='lat' dir='ltr'><strong>siccatur,</strong></span> <span class='ocrx_word' id='word_1_375' title='bbox 587 2629 615 2684; x_wconf 93' lang='lat' dir='ltr'><strong>id</strong></span> <span class='ocrx_word' id='word_1_376' title='bbox 632 2629 719 2685; x_wconf 86' lang='lat' dir='ltr'><strong>catab</strong></span> <span class='ocrx_word' id='word_1_377' title='bbox 730 2634 890 2700; x_wconf 76' lang='lat' dir='ltr'><strong>assumptae</strong></span> <span class='ocrx_word' id='word_1_378' title='bbox 906 2629 993 2683; x_wconf 89' lang='lat' dir='ltr'><strong>recti·</strong></span> <span class='ocrx_word' id='word_1_379' title='bbox 1045 2645 1167 2684; x_wconf 89' lang='lat' dir='ltr'><strong>manum</strong></span> <span class='ocrx_word' id='word_1_380' title='bbox 1184 2630 1347 2700; x_wconf 67' lang='lat' dir='ltr'><strong>malignis»</strong></span> <span class='ocrx_word' id='word_1_381' title='bbox 1360 2629 1471 2685; x_wconf 89' lang='lat' dir='ltr'><strong>scilicet</strong></span> <span class='ocrx_word' id='word_1_382' title='bbox 1486 2630 1676 2703; x_wconf 88' lang='lat' dir='ltr'><strong>supradictis,</strong></span> <span class='ocrx_word' id='word_1_383' title='bbox 1690 2632 1720 2687; x_wconf 93' lang='lat' dir='ltr'><strong>id</strong></span> <span class='ocrx_word' id='word_1_384' title='bbox 1734 2638 1779 2689; x_wconf 87' lang='grc' dir='ltr'>θεῖ</span> <span class='ocrx_word' id='word_1_385' title='bbox 1792 2648 1866 2704; x_wconf 82' lang='lat' dir='ltr'><strong>que·</strong></span> 
     </span>
     <span class='ocr_line' id='line_1_29' title="bbox 170 2717 1814 2790; baseline -0.001 -13"><span class='ocrx_word' id='word_1_386' title='bbox 170 2721 281 2777; x_wconf 90' lang='lat' dir='ltr'><strong>tudinis</strong></span> <span class='ocrx_word' id='word_1_387' title='bbox 296 2720 441 2776; x_wconf 87' lang='lat' dir='ltr'><strong>viriditate</strong></span> <span class='ocrx_word' id='word_1_388' title='bbox 456 2719 571 2776; x_wconf 89' lang='lat' dir='ltr'><strong>arescit.</strong></span> <span class='ocrx_word' id='word_1_389' title='bbox 590 2721 621 2776; x_wconf 87' lang='lat' dir='ltr'><strong>in</strong></span> <span class='ocrx_word' id='word_1_390' title='bbox 635 2719 689 2774; x_wconf 92' lang='lat' dir='ltr'><strong>boc</strong></span> <span class='ocrx_word' id='word_1_391' title='bbox 703 2720 805 2774; x_wconf 87' lang='lat' dir='ltr'><strong>acerbe</strong></span> <span class='ocrx_word' id='word_1_392' title='bbox 821 2719 909 2773; x_wconf 90' lang='lat' dir='ltr'><strong>nimis</strong></span> <span class='ocrx_word' id='word_1_393' title='bbox 924 2717 992 2773; x_wconf 90' lang='lat' dir='ltr'><strong>hea-</strong></span> <span class='ocrx_word' id='word_1_394' title='bbox 1045 2723 1142 2773; x_wconf 90' lang='lat' dir='ltr'><strong>rentes</strong></span> <span class='ocrx_word' id='word_1_395' title='bbox 1158 2724 1315 2785; x_wconf 87' lang='lat' dir='ltr'><strong>terrenum,</strong></span> <span class='ocrx_word' id='word_1_396' title='bbox 1330 2718 1453 2790; x_wconf 89' lang='lat' dir='ltr'><strong>gloriam</strong></span> <span class='ocrx_word' id='word_1_397' title='bbox 1470 2737 1528 2776; x_wconf 91' lang='lat' dir='ltr'><strong>non</strong></span> <span class='ocrx_word' id='word_1_398' title='bbox 1544 2719 1668 2776; x_wconf 85' lang='lat' dir='ltr'><strong>elevabit</strong></span> <span class='ocrx_word' id='word_1_399' title='bbox 1683 2720 1718 2777; x_wconf 86' lang='lat' dir='ltr'><strong>ah</strong></span> <span class='ocrx_word' id='word_1_400' title='bbox 1736 2722 1814 2776; x_wconf 89' lang='lat' dir='ltr'><strong>imis.</strong></span> 
     </span>
     <span class='ocr_line' id='line_1_30' title="bbox 171 2806 1864 2881; baseline 0 -15"><span class='ocrx_word' id='word_1_401' title='bbox 171 2810 429 2875; x_wconf 79' lang='lat' dir='ltr'><strong>tumtcbdenotat,</strong></span> <span class='ocrx_word' id='word_1_402' title='bbox 444 2810 521 2881; x_wconf 94' lang='lat' dir='ltr'><strong>quod</strong></span> <span class='ocrx_word' id='word_1_403' title='bbox 537 2808 615 2864; x_wconf 87' lang='lat' dir='ltr'><strong>reiut</strong></span> <span class='ocrx_word' id='word_1_404' title='bbox 626 2809 742 2880; x_wconf 89' lang='lat' dir='ltr'><strong>scirpus</strong></span> <span class='ocrx_word' id='word_1_405' title='bbox 753 2809 809 2864; x_wconf 92' lang='lat' dir='ltr'><strong>cito</strong></span> <span class='ocrx_word' id='word_1_406' title='bbox 820 2809 849 2863; x_wconf 91' lang='lat' dir='ltr'><strong>iu</strong></span> <span class='ocrx_word' id='word_1_407' title='bbox 861 2813 932 2863; x_wconf 80' lang='lat' dir='ltr'><strong>estu</strong></span> <span class='ocrx_word' id='word_1_408' title='bbox 946 2808 990 2863; x_wconf 91' lang='lat' dir='ltr'><strong>tri·</strong></span> <span class='ocrx_word' id='word_1_409' title='bbox 1080 2806 1166 2862; x_wconf 81' lang='lat' dir='ltr'><strong>Vens.</strong></span> <span class='ocrx_word' id='word_1_410' title='bbox 1182 2807 1227 2862; x_wconf 87' lang='lat'><strong>21.</strong></span> <span class='ocrx_word' id='word_1_411' title='bbox 1244 2837 1278 2847; x_wconf 96' lang='lat'><em>-</em></span> <span class='ocrx_word' id='word_1_412' title='bbox 1293 2829 1308 2857; x_wconf 92' lang='lat'>«</span> <span class='ocrx_word' id='word_1_413' title='bbox 1329 2813 1426 2864; x_wconf 87' lang='lat' dir='ltr'><strong>Donec</strong></span> <span class='ocrx_word' id='word_1_414' title='bbox 1442 2808 1600 2880; x_wconf 88' lang='lat' dir='ltr'><strong>impleatur</strong></span> <span class='ocrx_word' id='word_1_415' title='bbox 1614 2810 1675 2865; x_wconf 83' lang='lat' dir='ltr'><strong>risu</strong></span> <span class='ocrx_word' id='word_1_416' title='bbox 1691 2826 1725 2867; x_wconf 86' lang='lat' dir='ltr'><strong>os</strong></span> <span class='ocrx_word' id='word_1_417' title='bbox 1738 2816 1836 2880; x_wconf 88' lang='lat' dir='ltr'><strong>tuum,</strong></span> <span class='ocrx_word' id='word_1_418' title='bbox 1852 2830 1864 2860; x_wconf 79' lang='grc' dir='ltr'>ε</span> 
     </span>
     <span class='ocr_line' id='line_1_31' title="bbox 170 2895 1866 2972; baseline 0 -17"><span class='ocrx_word' id='word_1_419' title='bbox 170 2897 329 2955; x_wconf 91' lang='lat' dir='ltr'><strong>bulationis</strong></span> <span class='ocrx_word' id='word_1_420' title='bbox 340 2898 461 2968; x_wconf 88' lang='lat' dir='ltr'><strong>aruerit,</strong></span> <span class='ocrx_word' id='word_1_421' title='bbox 476 2913 508 2952; x_wconf 84' lang='lat' dir='ltr'><strong>co</strong></span> <span class='ocrx_word' id='word_1_422' title='bbox 519 2897 597 2969; x_wconf 87' lang='lat' dir='ltr'><strong>quod</strong></span> <span class='ocrx_word' id='word_1_423' title='bbox 615 2896 765 2968; x_wconf 89' lang='lat' dir='ltr'><strong>hypocrita</strong></span> <span class='ocrx_word' id='word_1_424' title='bbox 780 2896 876 2963; x_wconf 82' lang='lat' dir='ltr'><strong>fuerit,</strong></span> <span class='ocrx_word' id='word_1_425' title='bbox 887 2904 913 2950; x_wconf 91' lang='lat' dir='ltr'><strong>el</strong></span> <span class='ocrx_word' id='word_1_426' title='bbox 925 2895 993 2951; x_wconf 87' lang='lat' dir='ltr'><strong>velit</strong></span> <span class='ocrx_word' id='word_1_427' title='bbox 1046 2895 1313 2951; x_wconf 85' lang='lat' dir='ltr'><strong>idestexhilarstur</strong></span> <span class='ocrx_word' id='word_1_428' title='bbox 1328 2896 1511 2952; x_wconf 88' lang='lat' dir='ltr'><strong>abundantia</strong></span> <span class='ocrx_word' id='word_1_429' title='bbox 1525 2896 1630 2954; x_wconf 78' lang='lat' dir='ltr'><strong>latitia</strong></span> <span class='ocrx_word' id='word_1_430' title='bbox 1641 2897 1828 2972; x_wconf 81' lang='lat' dir='ltr'><strong>sempiterne</strong></span> <span class='ocrx_word' id='word_1_431' title='bbox 1840 2914 1866 2955; x_wconf 85' lang='lat' dir='ltr'><strong>as</strong></span> 
     </span>
     <span class='ocr_line' id='line_1_32' title="bbox 168 2983 1867 3095; baseline -0.001 -50"><span class='ocrx_word' id='word_1_432' title='bbox 168 2995 316 3045; x_wconf 87' lang='lat' dir='ltr'><strong>carectum</strong></span> <span class='ocrx_word' id='word_1_433' title='bbox 331 3004 448 3043; x_wconf 75' lang='lat' dir='ltr'><strong>inanum</strong></span> <span class='ocrx_word' id='word_1_434' title='bbox 459 2985 750 3058; x_wconf 86' lang='lat' dir='ltr'><strong>carpentissecueril,</strong></span> <span class='ocrx_word' id='word_1_435' title='bbox 762 3001 795 3039; x_wconf 91' lang='lat' dir='ltr'><strong>ec</strong></span> <span class='ocrx_word' id='word_1_436' title='bbox 811 2983 888 3055; x_wconf 88' lang='lat' dir='ltr'><strong>quod</strong></span> <span class='ocrx_word' id='word_1_437' title='bbox 904 3000 992 3055; x_wconf 88' lang='lat' dir='ltr'><strong>supe·</strong></span> <span class='ocrx_word' id='word_1_438' title='bbox 1011 3029 1033 3095; x_wconf 75' lang='lat' dir='ltr'><strong>c</strong></span> <span class='ocrx_word' id='word_1_439' title='bbox 1048 2989 1143 3049; x_wconf 91' lang='lat' dir='ltr'><strong>tuum,</strong></span> <span class='ocrx_word' id='word_1_440' title='bbox 1158 3007 1172 3034; x_wconf 74' lang='grc' dir='ltr'><strong>«ι</strong></span> <span class='ocrx_word' id='word_1_441' title='bbox 1186 2990 1214 3040; x_wconf 93' lang='lat' dir='ltr'><strong>el</strong></span> <span class='ocrx_word' id='word_1_442' title='bbox 1225 2985 1361 3040; x_wconf 88' lang='lat' dir='ltr'><strong>lahintua</strong></span> <span class='ocrx_word' id='word_1_443' title='bbox 1369 2985 1475 3056; x_wconf 87' lang='lat' dir='ltr'><strong>jubilo,</strong></span> <span class='ocrx_word' id='word_1_444' title='bbox 1491 3006 1504 3039; x_wconf 81' lang='grc' dir='ltr'>ι</span> <span class='ocrx_word' id='word_1_445' title='bbox 1518 2987 1546 3042; x_wconf 95' lang='lat' dir='ltr'><strong>id</strong></span> <span class='ocrx_word' id='word_1_446' title='bbox 1560 2992 1606 3042; x_wconf 90' lang='lat' dir='ltr'><strong>est</strong></span> <span class='ocrx_word' id='word_1_447' title='bbox 1620 2988 1764 3044; x_wconf 77' lang='lat' dir='ltr'><strong>ineffabili</strong></span> <span class='ocrx_word' id='word_1_448' title='bbox 1776 3005 1867 3062; x_wconf 89' lang='lat' dir='ltr'><strong>snper·</strong></span> 
     </span>
     <span class='ocr_line' id='line_1_33' title="bbox 167 3072 1865 3150; baseline 0.001 -19"><span class='ocrx_word' id='word_1_449' title='bbox 167 3077 297 3134; x_wconf 92' lang='lat' dir='ltr'><strong>rioribus</strong></span> <span class='ocrx_word' id='word_1_450' title='bbox 313 3073 682 3146; x_wconf 74' lang='lat' dir='ltr'><strong>dictisilliphectanqnam</strong></span> <span class='ocrx_word' id='word_1_451' title='bbox 699 3073 828 3146; x_wconf 81' lang='lat' dir='ltr'><strong>spinosis</strong></span> <span class='ocrx_word' id='word_1_452' title='bbox 844 3072 991 3130; x_wconf 86' lang='lat' dir='ltr'><strong>obviasset</strong></span> <span class='ocrx_word' id='word_1_453' title='bbox 1047 3073 1204 3129; x_wconf 84' lang='lat' dir='ltr'><strong>uastandis</strong></span> <span class='ocrx_word' id='word_1_454' title='bbox 1233 3075 1353 3130; x_wconf 88' lang='lat' dir='ltr'><strong>cantico.</strong></span> <span class='ocrx_word' id='word_1_455' title='bbox 1371 3080 1529 3131; x_wconf 85' lang='lat' dir='ltr'><strong>«Donec»</strong></span> <span class='ocrx_word' id='word_1_456' title='bbox 1559 3077 1796 3150; x_wconf 88' lang='lat' dir='ltr'><strong>autemdicitur,</strong></span> <span class='ocrx_word' id='word_1_457' title='bbox 1816 3093 1865 3134; x_wconf 91' lang='lat' dir='ltr'><strong>non</strong></span> 
     </span>
     <span class='ocr_line' id='line_1_34' title="bbox 167 3161 1865 3239; baseline -0.001 -17"><span class='ocrx_word' id='word_1_458' title='bbox 167 3165 332 3222; x_wconf 89' lang='lat' dir='ltr'><strong>sententiis.</strong></span> <span class='ocrx_word' id='word_1_459' title='bbox 1047 3161 1865 3239; x_wconf 81' lang='lat' dir='ltr'><strong>quodposteIectornmjuhilumDeusaralignisporrigat</strong></span> 
     </span>
     <span class='ocr_line' id='line_1_35' title="bbox 204 3251 1867 3327; baseline 0 -17"><span class='ocrx_word' id='word_1_460' title='bbox 204 3254 289 3310; x_wconf 85' lang='lat' dir='ltr'><strong>Vens.</strong></span> <span class='ocrx_word' id='word_1_461' title='bbox 308 3252 351 3308; x_wconf 86' lang='lat'><strong>13.</strong></span> <span class='ocrx_word' id='word_1_462' title='bbox 368 3283 402 3293; x_wconf 89' lang='lat'><em>-</em></span> <span class='ocrx_word' id='word_1_463' title='bbox 418 3273 432 3301; x_wconf 76' lang='grc' dir='ltr'>ε</span> <span class='ocrx_word' id='word_1_464' title='bbox 449 3251 496 3308; x_wconf 90' lang='lat' dir='ltr'><strong>Sic</strong></span> <span class='ocrx_word' id='word_1_465' title='bbox 510 3252 663 3324; x_wconf 71' lang='lat' dir='ltr'><strong>vitaivieJ,</strong></span> <span class='ocrx_word' id='word_1_466' title='bbox 678 3251 785 3325; x_wconf 88' lang='lat' dir='ltr'><strong>inquil,</strong></span> <span class='ocrx_word' id='word_1_467' title='bbox 797 3251 927 3308; x_wconf 90' lang='lat' dir='ltr'><strong>omnium</strong></span> <span class='ocrx_word' id='word_1_468' title='bbox 938 3252 989 3323; x_wconf 88' lang='lat' dir='ltr'><strong>qui</strong></span> <span class='ocrx_word' id='word_1_469' title='bbox 1047 3266 1178 3319; x_wconf 89' lang='lat' dir='ltr'><strong>manum,</strong></span> <span class='ocrx_word' id='word_1_470' title='bbox 1195 3253 1259 3318; x_wconf 88' lang='lat' dir='ltr'><strong>sed,</strong></span> <span class='ocrx_word' id='word_1_471' title='bbox 1275 3252 1352 3309; x_wconf 90' lang='lat' dir='ltr'><strong>sicul</strong></span> <span class='ocrx_word' id='word_1_472' title='bbox 1367 3254 1550 3311; x_wconf 85' lang='lat' dir='ltr'><strong>dictumest:</strong></span> <span class='ocrx_word' id='word_1_473' title='bbox 1567 3277 1581 3306; x_wconf 81' lang='lat' dir='ltr'><strong>n</strong></span> <span class='ocrx_word' id='word_1_474' title='bbox 1596 3256 1691 3311; x_wconf 86' lang='lat' dir='ltr'><strong>Donec</strong></span> <span class='ocrx_word' id='word_1_475' title='bbox 1704 3272 1813 3327; x_wconf 87' lang='lat' dir='ltr'><strong>ponam</strong></span> <span class='ocrx_word' id='word_1_476' title='bbox 1824 3254 1867 3311; x_wconf 89' lang='lat' dir='ltr'><strong>ini·</strong></span> 
     </span>
     <span class='ocr_line' id='line_1_36' title="bbox 168 3341 1862 3419; baseline 0.001 -19"><span class='ocrx_word' id='word_1_477' title='bbox 168 3342 564 3410; x_wconf 89' lang='lat' dir='ltr'><strong>obliviscuntnrDcminum,</strong></span> <span class='ocrx_word' id='word_1_478' title='bbox 581 3365 595 3392; x_wconf 81' lang='lat' dir='ltr'><strong>n</strong></span> <span class='ocrx_word' id='word_1_479' title='bbox 607 3344 730 3400; x_wconf 90' lang='lat' dir='ltr'><strong>subaudi</strong></span> <span class='ocrx_word' id='word_1_480' title='bbox 743 3343 882 3398; x_wconf 80' lang='lat' dir='ltr'><strong>antevitae</strong></span> <span class='ocrx_word' id='word_1_481' title='bbox 893 3343 991 3399; x_wconf 88' lang='lat' dir='ltr'><strong>termi-</strong></span> <span class='ocrx_word' id='word_1_482' title='bbox 1047 3341 1140 3397; x_wconf 85' lang='lat' dir='ltr'><strong>mices</strong></span> <span class='ocrx_word' id='word_1_483' title='bbox 1155 3348 1222 3397; x_wconf 90' lang='lat' dir='ltr'><strong>tuos</strong></span> <span class='ocrx_word' id='word_1_484' title='bbox 1234 3341 1396 3398; x_wconf 88' lang='lat' dir='ltr'><strong>scabellum</strong></span> <span class='ocrx_word' id='word_1_485' title='bbox 1413 3343 1519 3414; x_wconf 91' lang='lat' dir='ltr'><strong>pedum</strong></span> <span class='ocrx_word' id='word_1_486' title='bbox 1535 3353 1652 3400; x_wconf 90' lang='lat' dir='ltr'><strong>luorum</strong></span> <span class='ocrx_word' id='word_1_487' title='bbox 1669 3346 1759 3419; x_wconf 81' lang='lat' dir='ltr'><strong>(Psct.</strong></span> <span class='ocrx_word' id='word_1_488' title='bbox 1776 3346 1862 3416; x_wconf 60' lang='lat' dir='ltr'><strong>crat»</strong></span> 
     </span>
     <span class='ocr_line' id='line_1_37' title="bbox 170 3430 1864 3505; baseline 0 -16"><span class='ocrx_word' id='word_1_489' title='bbox 170 3450 240 3489; x_wconf 81' lang='lat' dir='ltr'><strong>nuni</strong></span> <span class='ocrx_word' id='word_1_490' title='bbox 258 3450 275 3489; x_wconf 92' lang='lat' dir='ltr'><strong>a</strong></span> <span class='ocrx_word' id='word_1_491' title='bbox 300 3433 406 3488; x_wconf 90' lang='lat' dir='ltr'><strong>virtuts</strong></span> <span class='ocrx_word' id='word_1_492' title='bbox 421 3433 535 3500; x_wconf 86' lang='lat' dir='ltr'><strong>delicit;</strong></span> <span class='ocrx_word' id='word_1_493' title='bbox 552 3437 580 3487; x_wconf 87' lang='lat' dir='ltr'><strong>et</strong></span> <span class='ocrx_word' id='word_1_494' title='bbox 595 3448 662 3505; x_wconf 87' lang='lat' dir='ltr'><strong>spes</strong></span> <span class='ocrx_word' id='word_1_495' title='bbox 687 3431 853 3504; x_wconf 83' lang='lat' dir='ltr'><strong>hypocrite,</strong></span> <span class='ocrx_word' id='word_1_496' title='bbox 869 3454 882 3482; x_wconf 78' lang='lat' dir='ltr'><strong>n</strong></span> <span class='ocrx_word' id='word_1_497' title='bbox 900 3432 928 3486; x_wconf 89' lang='lat' dir='ltr'><strong>id</strong></span> <span class='ocrx_word' id='word_1_498' title='bbox 944 3436 990 3488; x_wconf 86' lang='grc' dir='ltr'>θεῖ</span> <span class='ocrx_word' id='word_1_499' title='bbox 1047 3430 1124 3501; x_wconf 91' lang='lat' dir='ltr'><strong>quod</strong></span> <span class='ocrx_word' id='word_1_500' title='bbox 1138 3439 1293 3502; x_wconf 88' lang='lat' dir='ltr'><strong>postquem</strong></span> <span class='ocrx_word' id='word_1_501' title='bbox 1318 3434 1426 3488; x_wconf 86' lang='lat' dir='ltr'><strong>lactum</strong></span> <span class='ocrx_word' id='word_1_502' title='bbox 1450 3434 1548 3500; x_wconf 86' lang='lat' dir='ltr'><strong>luerit,</strong></span> <span class='ocrx_word' id='word_1_503' title='bbox 1565 3432 1655 3490; x_wconf 80' lang='lat' dir='ltr'><strong>Filius</strong></span> <span class='ocrx_word' id='word_1_504' title='bbox 1668 3435 1707 3490; x_wconf 85' lang='lat' dir='ltr'><strong>sd</strong></span> <span class='ocrx_word' id='word_1_505' title='bbox 1724 3435 1864 3491; x_wconf 82' lang='lat' dir='ltr'><strong>dexteram</strong></span> 
     </span>
     <span class='ocr_line' id='line_1_38' title="bbox 169 3520 1865 3596; baseline 0 -18"><span class='ocrx_word' id='word_1_506' title='bbox 169 3522 298 3579; x_wconf 84' lang='lat' dir='ltr'><strong>humana</strong></span> <span class='ocrx_word' id='word_1_507' title='bbox 309 3520 385 3589; x_wconf 91' lang='lat' dir='ltr'><strong>iaus,</strong></span> <span class='ocrx_word' id='word_1_508' title='bbox 401 3539 487 3593; x_wconf 88' lang='lat' dir='ltr'><strong>qnam</strong></span> <span class='ocrx_word' id='word_1_509' title='bbox 505 3522 903 3594; x_wconf 84' lang='lat' dir='ltr'><strong>magnisluboribusappotit,</strong></span> <span class='ocrx_word' id='word_1_510' title='bbox 914 3545 927 3571; x_wconf 89' lang='lat'>«</span> <span class='ocrx_word' id='word_1_511' title='bbox 942 3538 989 3595; x_wconf 89' lang='lat' dir='ltr'><strong>pe·</strong></span> <span class='ocrx_word' id='word_1_512' title='bbox 1046 3520 1140 3575; x_wconf 87' lang='lat' dir='ltr'><strong>Patris</strong></span> <span class='ocrx_word' id='word_1_513' title='bbox 1152 3520 1279 3577; x_wconf 90' lang='lat' dir='ltr'><strong>residere</strong></span> <span class='ocrx_word' id='word_1_514' title='bbox 1294 3538 1350 3577; x_wconf 90' lang='lat' dir='ltr'><strong>non</strong></span> <span class='ocrx_word' id='word_1_515' title='bbox 1368 3523 1491 3578; x_wconf 86' lang='lat' dir='ltr'><strong>desinet.</strong></span> <span class='ocrx_word' id='word_1_516' title='bbox 1505 3523 1552 3578; x_wconf 88' lang='lat' dir='ltr'><strong>Sic</strong></span> <span class='ocrx_word' id='word_1_517' title='bbox 1568 3540 1645 3580; x_wconf 89' lang='lat' dir='ltr'><strong>nune</strong></span> <span class='ocrx_word' id='word_1_518' title='bbox 1656 3524 1778 3596; x_wconf 86' lang='lat' dir='ltr'><strong>dicitur,</strong></span> <span class='ocrx_word' id='word_1_519' title='bbox 1794 3547 1809 3575; x_wconf 88' lang='grc'>«</span> <span class='ocrx_word' id='word_1_520' title='bbox 1822 3525 1865 3580; x_wconf 93' lang='lat' dir='ltr'><strong>dc·</strong></span> 
     </span>
     <span class='ocr_line' id='line_1_39' title="bbox 166 3611 1865 3689; baseline 0.001 -20"><span class='ocrx_word' id='word_1_521' title='bbox 166 3611 986 3684; x_wconf 84' lang='lat' dir='ltr'><strong>ribit,»1desldecresceltemporumimpulsamomentis.</strong></span> <span class='ocrx_word' id='word_1_522' title='bbox 1045 3626 1098 3666; x_wconf 91' lang='lat' dir='ltr'><strong>neo</strong></span> <span class='ocrx_word' id='word_1_523' title='bbox 1114 3612 1270 3682; x_wconf 90' lang='lat' dir='ltr'><strong>impleatur</strong></span> <span class='ocrx_word' id='word_1_524' title='bbox 1294 3614 1356 3670; x_wconf 91' lang='lat' dir='ltr'><strong>risu</strong></span> <span class='ocrx_word' id='word_1_525' title='bbox 1374 3629 1407 3670; x_wconf 92' lang='lat' dir='ltr'><strong>os</strong></span> <span class='ocrx_word' id='word_1_526' title='bbox 1423 3620 1520 3681; x_wconf 80' lang='lat' dir='ltr'><strong>tuum,</strong></span> <span class='ocrx_word' id='word_1_527' title='bbox 1536 3636 1550 3664; x_wconf 80' lang='lat' dir='ltr'><strong>a</strong></span> <span class='ocrx_word' id='word_1_528' title='bbox 1561 3616 1639 3687; x_wconf 91' lang='lat' dir='ltr'><strong>quod</strong></span> <span class='ocrx_word' id='word_1_529' title='bbox 1656 3624 1816 3689; x_wconf 87' lang='lat' dir='ltr'><strong>postquam</strong></span> <span class='ocrx_word' id='word_1_530' title='bbox 1828 3616 1865 3671; x_wconf 86' lang='lat' dir='ltr'><strong>la·</strong></span> 
     </span>
     <span class='ocr_line' id='line_1_40' title="bbox 200 3699 1862 3776; baseline 0.004 -21"><span class='ocrx_word' id='word_1_531' title='bbox 200 3700 288 3759; x_wconf 85' lang='lat' dir='ltr'><strong>Vnns.</strong></span> <span class='ocrx_word' id='word_1_532' title='bbox 306 3703 348 3756; x_wconf 83' lang='lat'><strong>11.</strong></span> <span class='ocrx_word' id='word_1_533' title='bbox 362 3732 394 3742; x_wconf 87' lang='lat'><strong>-</strong></span> <span class='ocrx_word' id='word_1_534' title='bbox 412 3724 426 3752; x_wconf 75' lang='grc' dir='ltr'>α</span> <span class='ocrx_word' id='word_1_535' title='bbox 440 3707 501 3757; x_wconf 82' lang='grc' dir='ltr'><strong>Νοε</strong></span> <span class='ocrx_word' id='word_1_536' title='bbox 523 3703 549 3757; x_wconf 84' lang='grc' dir='ltr'>θί</span> <span class='ocrx_word' id='word_1_537' title='bbox 565 3701 701 3773; x_wconf 89' lang='lat' dir='ltr'><strong>placebit,</strong></span> <span class='ocrx_word' id='word_1_538' title='bbox 718 3723 731 3750; x_wconf 82' lang='lat' dir='ltr'><strong>n</strong></span> <span class='ocrx_word' id='word_1_539' title='bbox 748 3699 859 3757; x_wconf 87' lang='lat' dir='ltr'><strong>scilicet</strong></span> <span class='ocrx_word' id='word_1_540' title='bbox 875 3717 908 3756; x_wconf 86' lang='lat' dir='ltr'><strong>ea</strong></span> <span class='ocrx_word' id='word_1_541' title='bbox 923 3718 987 3773; x_wconf 75' lang='lat' dir='ltr'><strong>ques</strong></span> <span class='ocrx_word' id='word_1_542' title='bbox 1043 3705 1123 3756; x_wconf 92' lang='lat' dir='ltr'><strong>ctum</strong></span> <span class='ocrx_word' id='word_1_543' title='bbox 1148 3701 1245 3769; x_wconf 85' lang='lat' dir='ltr'><strong>fuerit,</strong></span> <span class='ocrx_word' id='word_1_544' title='bbox 1264 3703 1408 3776; x_wconf 87' lang='lat' dir='ltr'><strong>malignos</strong></span> <span class='ocrx_word' id='word_1_545' title='bbox 1426 3710 1586 3776; x_wconf 88' lang='lat' dir='ltr'><strong>percutere,</strong></span> <span class='ocrx_word' id='word_1_546' title='bbox 1602 3705 1632 3760; x_wconf 94' lang='lat' dir='ltr'><strong>id</strong></span> <span class='ocrx_word' id='word_1_547' title='bbox 1647 3709 1693 3762; x_wconf 88' lang='lat' dir='ltr'><strong>est</strong></span> <span class='ocrx_word' id='word_1_548' title='bbox 1708 3707 1739 3762; x_wconf 94' lang='lat' dir='ltr'><strong>in</strong></span> <span class='ocrx_word' id='word_1_549' title='bbox 1754 3706 1862 3763; x_wconf 85' lang='lat' dir='ltr'><strong>interna</strong></span> 
     </span>
     <span class='ocr_line' id='line_1_41' title="bbox 165 3789 1381 3863; baseline 0.002 -17"><span class='ocrx_word' id='word_1_550' title='bbox 165 3807 244 3847; x_wconf 92' lang='lat' dir='ltr'><strong>nunc</strong></span> <span class='ocrx_word' id='word_1_551' title='bbox 259 3792 362 3863; x_wconf 86' lang='lat' dir='ltr'><strong>placet,</strong></span> <span class='ocrx_word' id='word_1_552' title='bbox 378 3790 513 3846; x_wconf 82' lang='lat' dir='ltr'><strong>vecordia</strong></span> <span class='ocrx_word' id='word_1_553' title='bbox 529 3807 592 3858; x_wconf 88' lang='lat' dir='ltr'><strong>sna,</strong></span> <span class='ocrx_word' id='word_1_554' title='bbox 622 3790 691 3863; x_wconf 89' lang='lat' dir='ltr'><strong>quia</strong></span> <span class='ocrx_word' id='word_1_555' title='bbox 706 3789 840 3846; x_wconf 89' lang='lat' dir='ltr'><strong>videlicet</strong></span> <span class='ocrx_word' id='word_1_556' title='bbox 856 3796 986 3847; x_wconf 92' lang='lat' dir='ltr'><strong>multum</strong></span> <span class='ocrx_word' id='word_1_557' title='bbox 1043 3791 1147 3862; x_wconf 90' lang='lat' dir='ltr'><strong>punire</strong></span> <span class='ocrx_word' id='word_1_558' title='bbox 1165 3795 1239 3848; x_wconf 84' lang='lat' dir='ltr'><strong>Deus</strong></span> <span class='ocrx_word' id='word_1_559' title='bbox 1255 3792 1381 3850; x_wconf 89' lang='lat' dir='ltr'><strong>desinet.</strong></span> 
     </span>
     <span class='ocr_line' id='line_1_42' title="bbox 162 3879 1860 3961; baseline 0.003 -26"><span class='ocrx_word' id='word_1_560' title='bbox 162 3887 331 3948; x_wconf 76' lang='lat' dir='ltr'><strong>recursant,</strong></span> <span class='ocrx_word' id='word_1_561' title='bbox 361 3882 423 3953; x_wconf 92' lang='lat' dir='ltr'><strong>qui,</strong></span> <span class='ocrx_word' id='word_1_562' title='bbox 441 3879 741 3953; x_wconf 83' lang='lat' dir='ltr'><strong>undecoeiiregnnm</strong></span> <span class='ocrx_word' id='word_1_563' title='bbox 758 3881 861 3935; x_wconf 90' lang='lat' dir='ltr'><strong>mereri</strong></span> <span class='ocrx_word' id='word_1_564' title='bbox 879 3884 984 3951; x_wconf 90' lang='lat' dir='ltr'><strong>potuit,</strong></span> <span class='ocrx_word' id='word_1_565' title='bbox 1079 3888 1549 3961; x_wconf 79' lang='lat' dir='ltr'><strong>Vaas.22.-«Quinderuntle,</strong></span> <span class='ocrx_word' id='word_1_566' title='bbox 1567 3892 1860 3950; x_wconf 68' lang='lat' dir='ltr'><strong>»subaudisisueyis</strong></span> 
     </span>
     <span class='ocr_line' id='line_1_43' title="bbox 165 3970 1860 4051; baseline 0.01 -27"><span class='ocrx_word' id='word_1_567' title='bbox 165 3970 232 4026; x_wconf 93' lang='lat' dir='ltr'><strong>inde</strong></span> <span class='ocrx_word' id='word_1_568' title='bbox 240 3970 403 4026; x_wconf 85' lang='lat' dir='ltr'><strong>transitorii</strong></span> <span class='ocrx_word' id='word_1_569' title='bbox 414 3970 558 4027; x_wconf 90' lang='lat' dir='ltr'><strong>sermonis</strong></span> <span class='ocrx_word' id='word_1_570' title='bbox 569 3986 725 4025; x_wconf 90' lang='lat' dir='ltr'><strong>nummum</strong></span> <span class='ocrx_word' id='word_1_571' title='bbox 738 3970 853 4041; x_wconf 77' lang='lat' dir='ltr'><strong>quaerit.</strong></span> <span class='ocrx_word' id='word_1_572' title='bbox 870 3991 884 4018; x_wconf 89' lang='lat'>«</span> <span class='ocrx_word' id='word_1_573' title='bbox 896 3970 929 4025; x_wconf 80' lang='lat' dir='ltr'><strong>ct</strong></span> <span class='ocrx_word' id='word_1_574' title='bbox 945 3971 985 4026; x_wconf 90' lang='lat' dir='ltr'><strong>si·</strong></span> <span class='ocrx_word' id='word_1_575' title='bbox 1043 3977 1179 4050; x_wconf 71' lang='lat' dir='ltr'><strong>simplex,</strong></span> <span class='ocrx_word' id='word_1_576' title='bbox 1194 4001 1208 4029; x_wconf 85' lang='grc'>«</span> <span class='ocrx_word' id='word_1_577' title='bbox 1226 3979 1579 4051; x_wconf 65' lang='grc' dir='ltr'><strong>ἱῃᾱυρῃθιιηοῃῐῃθῑοηθ,</strong></span> <span class='ocrx_word' id='word_1_578' title='bbox 1597 4004 1610 4030; x_wconf 73' lang='lat' dir='ltr'><strong>a</strong></span> <span class='ocrx_word' id='word_1_579' title='bbox 1626 3982 1762 4039; x_wconf 87' lang='lat' dir='ltr'><strong>videlicet</strong></span> <span class='ocrx_word' id='word_1_580' title='bbox 1777 3984 1807 4039; x_wconf 93' lang='lat' dir='ltr'><strong>in</strong></span> <span class='ocrx_word' id='word_1_581' title='bbox 1818 3999 1860 4040; x_wconf 80' lang='lat' dir='ltr'><strong>ex·</strong></span> 
     </span>
     <span class='ocr_line' id='line_1_44' title="bbox 165 4057 1862 4143; baseline 0.008 -29"><span class='ocrx_word' id='word_1_582' title='bbox 165 4064 215 4114; x_wconf 89' lang='lat' dir='ltr'><strong>ent</strong></span> <span class='ocrx_word' id='word_1_583' title='bbox 229 4059 286 4115; x_wconf 90' lang='lat' dir='ltr'><strong>tela</strong></span> <span class='ocrx_word' id='word_1_584' title='bbox 301 4075 485 4126; x_wconf 88' lang='lat' dir='ltr'><strong>aranearum,</strong></span> <span class='ocrx_word' id='word_1_585' title='bbox 503 4080 517 4108; x_wconf 80' lang='grc' dir='ltr'>ε</span> <span class='ocrx_word' id='word_1_586' title='bbox 533 4059 659 4114; x_wconf 90' lang='lat' dir='ltr'><strong>subaudi</strong></span> <span class='ocrx_word' id='word_1_587' title='bbox 675 4057 780 4130; x_wconf 86' lang='lat' dir='ltr'><strong>grandi</strong></span> <span class='ocrx_word' id='word_1_588' title='bbox 794 4057 890 4114; x_wconf 90' lang='lat' dir='ltr'><strong>labore</strong></span> <span class='ocrx_word' id='word_1_589' title='bbox 907 4063 985 4116; x_wconf 82' lang='lat' dir='ltr'><strong>texta</strong></span> <span class='ocrx_word' id='word_1_590' title='bbox 1042 4069 1134 4124; x_wconf 90' lang='lat' dir='ltr'><strong>tremo</strong></span> <span class='ocrx_word' id='word_1_591' title='bbox 1150 4068 1291 4138; x_wconf 80' lang='lat' dir='ltr'><strong>examine,</strong></span> <span class='ocrx_word' id='word_1_592' title='bbox 1303 4072 1419 4141; x_wconf 91' lang='lat' dir='ltr'><strong>qnando</strong></span> <span class='ocrx_word' id='word_1_593' title='bbox 1436 4073 1568 4127; x_wconf 86' lang='lat' dir='ltr'><strong>conlusio</strong></span> <span class='ocrx_word' id='word_1_594' title='bbox 1581 4071 1668 4143; x_wconf 90' lang='lat' dir='ltr'><strong>piena</strong></span> <span class='ocrx_word' id='word_1_595' title='bbox 1678 4072 1744 4138; x_wconf 87' lang='lat' dir='ltr'><strong>erit,</strong></span> <span class='ocrx_word' id='word_1_596' title='bbox 1759 4073 1862 4130; x_wconf 87' lang='lat' dir='ltr'><strong>scilieet</strong></span> 
     </span>
     <span class='ocr_line' id='line_1_45' title="bbox 163 4146 1860 4229; baseline 0.009 -27"><span class='ocrx_word' id='word_1_597' title='bbox 163 4146 219 4203; x_wconf 91' lang='lat' dir='ltr'><strong>levi</strong></span> <span class='ocrx_word' id='word_1_598' title='bbox 234 4153 320 4202; x_wconf 86' lang='lat' dir='ltr'><strong>vento</strong></span> <span class='ocrx_word' id='word_1_599' title='bbox 335 4148 552 4220; x_wconf 86' lang='lat' dir='ltr'><strong>dissipatur,sie</strong></span> <span class='ocrx_word' id='word_1_600' title='bbox 563 4169 577 4198; x_wconf 73' lang='grc' dir='ltr'><strong>«ι</strong></span> <span class='ocrx_word' id='word_1_601' title='bbox 591 4147 771 4218; x_wconf 84' lang='lat' dir='ltr'><strong>liduciaejus</strong></span> <span class='ocrx_word' id='word_1_602' title='bbox 789 4171 800 4198; x_wconf 79' lang='grc' dir='ltr'><strong><em>ι</em></strong></span> <span class='ocrx_word' id='word_1_603' title='bbox 821 4147 902 4203; x_wconf 87' lang='lat' dir='ltr'><strong>idest</strong></span> <span class='ocrx_word' id='word_1_604' title='bbox 912 4166 985 4220; x_wconf 92' lang='lat' dir='ltr'><strong>opus</strong></span> <span class='ocrx_word' id='word_1_605' title='bbox 1042 4156 1112 4226; x_wconf 91' lang='lat' dir='ltr'><strong>quia</strong></span> <span class='ocrx_word' id='word_1_606' title='bbox 1127 4160 1155 4210; x_wconf 91' lang='lat' dir='ltr'><strong>et</strong></span> <span class='ocrx_word' id='word_1_607' title='bbox 1170 4157 1240 4211; x_wconf 88' lang='lat' dir='ltr'><strong>ioris</strong></span> <span class='ocrx_word' id='word_1_608' title='bbox 1252 4157 1388 4215; x_wconf 90' lang='lat' dir='ltr'><strong>internus</strong></span> <span class='ocrx_word' id='word_1_609' title='bbox 1404 4159 1496 4229; x_wconf 83' lang='lat' dir='ltr'><strong>judex</strong></span> <span class='ocrx_word' id='word_1_610' title='bbox 1512 4159 1631 4220; x_wconf 87' lang='lat' dir='ltr'><strong>videbit.</strong></span> <span class='ocrx_word' id='word_1_611' title='bbox 1649 4165 1678 4215; x_wconf 90' lang='lat' dir='ltr'><strong>et</strong></span> <span class='ocrx_word' id='word_1_612' title='bbox 1703 4161 1786 4218; x_wconf 92' lang='lat' dir='ltr'><strong>intus</strong></span> <span class='ocrx_word' id='word_1_613' title='bbox 1802 4166 1860 4218; x_wconf 87' lang='lat' dir='ltr'><strong>ants</strong></span> 
     </span>
     <span class='ocr_line' id='line_1_46' title="bbox 165 4235 1861 4322; baseline 0.002 -19"><span class='ocrx_word' id='word_1_614' title='bbox 165 4236 285 4303; x_wconf 70' lang='lat' dir='ltr'><strong>bimum,</strong></span> <span class='ocrx_word' id='word_1_615' title='bbox 302 4236 337 4291; x_wconf 72' lang='lat'><strong>‘10</strong></span> <span class='ocrx_word' id='word_1_616' title='bbox 351 4252 408 4308; x_wconf 75' lang='lat'><strong>(111⁰</strong></span> <span class='ocrx_word' id='word_1_617' title='bbox 423 4235 480 4292; x_wconf 68' lang='lat' dir='ltr'><strong>tibi</strong></span> <span class='ocrx_word' id='word_1_618' title='bbox 499 4236 630 4300; x_wconf 69' lang='lat' dir='ltr'><strong>00ssfldih</strong></span> <span class='ocrx_word' id='word_1_619' title='bbox 647 4237 701 4292; x_wconf 76' lang='lat' dir='ltr'><strong>levi</strong></span> <span class='ocrx_word' id='word_1_620' title='bbox 720 4253 792 4292; x_wconf 70' lang='lat' dir='ltr'><strong>tutti</strong></span> <span class='ocrx_word' id='word_1_621' title='bbox 805 4236 912 4293; x_wconf 67' lang='lat' dir='ltr'><strong>favoris</strong></span> <span class='ocrx_word' id='word_1_622' title='bbox 928 4237 985 4293; x_wconf 83' lang='lat' dir='ltr'><strong>hu·</strong></span> <span class='ocrx_word' id='word_1_623' title='bbox 1042 4245 1142 4300; x_wconf 89' lang='lat' dir='ltr'><strong>oculos</strong></span> <span class='ocrx_word' id='word_1_624' title='bbox 1157 4245 1241 4317; x_wconf 87' lang='lat' dir='ltr'><strong>culpa</strong></span> <span class='ocrx_word' id='word_1_625' title='bbox 1254 4248 1427 4303; x_wconf 88' lang='lat' dir='ltr'><strong>versabitur.</strong></span> <span class='ocrx_word' id='word_1_626' title='bbox 1445 4271 1458 4298; x_wconf 80' lang='lat' dir='ltr'><strong>a</strong></span> <span class='ocrx_word' id='word_1_627' title='bbox 1477 4248 1746 4306; x_wconf 79' lang='lat' dir='ltr'><strong>Ellabernacuium</strong></span> <span class='ocrx_word' id='word_1_628' title='bbox 1763 4251 1861 4322; x_wconf 90' lang='lat' dir='ltr'><strong>impio·</strong></span> 
     </span>
    </p>
   </div>
   <div class='ocr_carea' id='block_1_4' title="bbox 165 4323 1862 4497">
    <p class='ocr_par' dir='ltr' id='par_1_4' title="bbox 165 4323 1862 4497">
     <span class='ocr_line' id='line_1_47' title="bbox 165 4323 1861 4403; baseline 0.009 -25"><span class='ocrx_word' id='word_1_629' title='bbox 165 4324 244 4378; x_wconf 86' lang='lat' dir='ltr'><strong>meni</strong></span> <span class='ocrx_word' id='word_1_630' title='bbox 261 4323 385 4379; x_wconf 88' lang='lat' dir='ltr'><strong>tollitur.</strong></span> <span class='ocrx_word' id='word_1_631' title='bbox 1041 4349 1118 4399; x_wconf 92' lang='lat' dir='ltr'><strong>rum,</strong></span> <span class='ocrx_word' id='word_1_632' title='bbox 1136 4355 1149 4383; x_wconf 83' lang='lat' dir='ltr'><strong>n</strong></span> <span class='ocrx_word' id='word_1_633' title='bbox 1166 4334 1255 4390; x_wconf 90' lang='lat' dir='ltr'><strong>idest</strong></span> <span class='ocrx_word' id='word_1_634' title='bbox 1278 4336 1432 4392; x_wconf 77' lang='lat' dir='ltr'><strong>aedificatio</strong></span> <span class='ocrx_word' id='word_1_635' title='bbox 1448 4342 1569 4393; x_wconf 78' lang='lat' dir='ltr'><strong>terrenas</strong></span> <span class='ocrx_word' id='word_1_636' title='bbox 1586 4338 1736 4395; x_wconf 76' lang='lat' dir='ltr'><strong>felicitatis</strong></span> <span class='ocrx_word' id='word_1_637' title='bbox 1753 4354 1861 4403; x_wconf 80' lang='lat' dir='ltr'><strong>eorum.</strong></span> 
     </span>
     <span class='ocr_line' id='line_1_48' title="bbox 200 4392 1862 4497; baseline 0.01 -29"><span class='ocrx_word' id='word_1_638' title='bbox 200 4413 289 4470; x_wconf 81' lang='lat' dir='ltr'><strong>Vens.</strong></span> <span class='ocrx_word' id='word_1_639' title='bbox 307 4415 349 4470; x_wconf 90' lang='lat'><strong>15.</strong></span> <span class='ocrx_word' id='word_1_640' title='bbox 362 4438 418 4465; x_wconf 72' lang='grc' dir='ltr'><strong>-α</strong></span> <span class='ocrx_word' id='word_1_641' title='bbox 431 4416 576 4472; x_wconf 89' lang='lat' dir='ltr'><strong>Innitetnr</strong></span> <span class='ocrx_word' id='word_1_642' title='bbox 587 4437 601 4465; x_wconf 81' lang='lat' dir='ltr'><strong>n</strong></span> <span class='ocrx_word' id='word_1_643' title='bbox 613 4415 739 4471; x_wconf 87' lang='lat' dir='ltr'><strong>subaudi</strong></span> <span class='ocrx_word' id='word_1_644' title='bbox 754 4416 784 4472; x_wconf 92' lang='lat' dir='ltr'><strong>in</strong></span> <span class='ocrx_word' id='word_1_645' title='bbox 800 4417 933 4473; x_wconf 84' lang='lat' dir='ltr'><strong>examine</strong></span> <span class='ocrx_word' id='word_1_646' title='bbox 946 4417 987 4473; x_wconf 92' lang='lat' dir='ltr'><strong>in·</strong></span> <span class='ocrx_word' id='word_1_647' title='bbox 1001 4392 1025 4455; x_wconf 68' lang='grc' dir='ltr'>ὓ</span> <span class='ocrx_word' id='word_1_648' title='bbox 1042 4442 1057 4473; x_wconf 75' lang='lat' dir='ltr'><strong>a</strong></span> <span class='ocrx_word' id='word_1_649' title='bbox 1069 4439 1126 4477; x_wconf 92' lang='lat' dir='ltr'><strong>non</strong></span> <span class='ocrx_word' id='word_1_650' title='bbox 1142 4422 1319 4490; x_wconf 62' lang='lat' dir='ltr'><strong>subsistet»</strong></span> <span class='ocrx_word' id='word_1_651' title='bbox 1335 4424 1447 4481; x_wconf 89' lang='lat' dir='ltr'><strong>scilicet</strong></span> <span class='ocrx_word' id='word_1_652' title='bbox 1461 4425 1532 4497; x_wconf 91' lang='lat' dir='ltr'><strong>quia</strong></span> <span class='ocrx_word' id='word_1_653' title='bbox 1550 4425 1680 4482; x_wconf 85' lang='lat' dir='ltr'><strong>veritalis</strong></span> <span class='ocrx_word' id='word_1_654' title='bbox 1693 4427 1862 4484; x_wconf 80' lang='lat' dir='ltr'><strong>tundamen-</strong></span> 
     </span>
    </p>
   </div>
   <div class='ocr_carea' id='block_1_5' title="bbox 160 4504 1865 5581">
    <p class='ocr_par' dir='ltr' id='par_1_5' title="bbox 160 4504 1865 5581">
     <span class='ocr_line' id='line_1_49' title="bbox 165 4504 1861 4586; baseline 0.008 -28"><span class='ocrx_word' id='word_1_655' title='bbox 165 4504 240 4559; x_wconf 88' lang='lat' dir='ltr'><strong>terni</strong></span> <span class='ocrx_word' id='word_1_656' title='bbox 252 4504 374 4574; x_wconf 82' lang='lat' dir='ltr'><strong>judicis,</strong></span> <span class='ocrx_word' id='word_1_657' title='bbox 393 4505 640 4577; x_wconf 79' lang='lat' dir='ltr'><strong>«superdomum</strong></span> <span class='ocrx_word' id='word_1_658' title='bbox 656 4522 751 4575; x_wconf 86' lang='lat' dir='ltr'><strong>suam,</strong></span> <span class='ocrx_word' id='word_1_659' title='bbox 769 4528 783 4555; x_wconf 91' lang='lat'>»</span> <span class='ocrx_word' id='word_1_660' title='bbox 801 4507 829 4560; x_wconf 92' lang='lat' dir='ltr'><strong>id</strong></span> <span class='ocrx_word' id='word_1_661' title='bbox 843 4511 988 4579; x_wconf 83' lang='lat' dir='ltr'><strong>estsuper</strong></span> <span class='ocrx_word' id='word_1_662' title='bbox 1040 4512 1630 4586; x_wconf 88' lang='lat' dir='ltr'><strong>tumnonbabel,irrecuperabilirninain</strong></span> <span class='ocrx_word' id='word_1_663' title='bbox 1642 4518 1861 4574; x_wconf 82' lang='lat' dir='ltr'><strong>eternuminle·</strong></span> 
     </span>
     <span class='ocr_line' id='line_1_50' title="bbox 166 4590 1274 4664; baseline 0.01 -19"><span class='ocrx_word' id='word_1_664' title='bbox 166 4590 317 4648; x_wconf 88' lang='lat' dir='ltr'><strong>laudatam</strong></span> <span class='ocrx_word' id='word_1_665' title='bbox 329 4594 365 4649; x_wconf 89' lang='lat' dir='ltr'><strong>ab</strong></span> <span class='ocrx_word' id='word_1_666' title='bbox 376 4594 675 4650; x_wconf 90' lang='lat' dir='ltr'><strong>adulatoribusvitam</strong></span> <span class='ocrx_word' id='word_1_667' title='bbox 688 4611 771 4650; x_wconf 89' lang='lat' dir='ltr'><strong>sunm</strong></span> <span class='ocrx_word' id='word_1_668' title='bbox 785 4615 792 4664; x_wconf 89' lang='lat'><strong>;</strong></span> <span class='ocrx_word' id='word_1_669' title='bbox 805 4618 819 4645; x_wconf 76' lang='grc' dir='ltr'>α</span> <span class='ocrx_word' id='word_1_670' title='bbox 828 4603 918 4652; x_wconf 90' lang='lat' dir='ltr'><strong>elnon</strong></span> <span class='ocrx_word' id='word_1_671' title='bbox 930 4602 987 4653; x_wconf 90' lang='lat' dir='ltr'><strong>sta·</strong></span> <span class='ocrx_word' id='word_1_672' title='bbox 1040 4600 1132 4657; x_wconf 90' lang='lat' dir='ltr'><strong>ritum</strong></span> <span class='ocrx_word' id='word_1_673' title='bbox 1148 4606 1274 4658; x_wconf 89' lang='lat' dir='ltr'><strong>corruel.</strong></span> 
     </span>
     <span class='ocr_line' id='line_1_51' title="bbox 165 4682 1860 4767; baseline 0.008 -29"><span class='ocrx_word' id='word_1_674' title='bbox 165 4682 701 4751; x_wconf 89' lang='lat' dir='ltr'><strong>bil,»subaudisedcadet,sieutln</strong></span> <span class='ocrx_word' id='word_1_675' title='bbox 730 4686 870 4755; x_wconf 88' lang='lat' dir='ltr'><strong>parabola</strong></span> <span class='ocrx_word' id='word_1_676' title='bbox 885 4688 985 4744; x_wconf 89' lang='lat' dir='ltr'><strong>decem</strong></span> <span class='ocrx_word' id='word_1_677' title='bbox 1075 4696 1141 4748; x_wconf 76' lang='lat' dir='ltr'><strong>(lar.</strong></span> <span class='ocrx_word' id='word_1_678' title='bbox 1172 4693 1219 4764; x_wconf 84' lang='lat' dir='ltr'><strong>xl,</strong></span> <span class='ocrx_word' id='word_1_679' title='bbox 1234 4693 1321 4750; x_wconf 81' lang='lat' dir='ltr'><strong>Vens.</strong></span> <span class='ocrx_word' id='word_1_680' title='bbox 1341 4697 1366 4762; x_wconf 90' lang='lat'><strong>1,</strong></span> <span class='ocrx_word' id='word_1_681' title='bbox 1381 4694 1484 4749; x_wconf 87' lang='lat'><strong>2.-«</strong></span> <span class='ocrx_word' id='word_1_682' title='bbox 1496 4695 1531 4751; x_wconf 80' lang='lat' dir='ltr'><strong>ct</strong></span> <span class='ocrx_word' id='word_1_683' title='bbox 1545 4696 1793 4767; x_wconf 79' lang='lat' dir='ltr'><strong>respondenstob</strong></span> <span class='ocrx_word' id='word_1_684' title='bbox 1808 4696 1860 4754; x_wconf 91' lang='lat' dir='ltr'><strong>ait:</strong></span> 
     </span>
     <span class='ocr_line' id='line_1_52' title="bbox 163 4771 1860 4853; baseline 0.007 -28"><span class='ocrx_word' id='word_1_685' title='bbox 163 4772 312 4845; x_wconf 88' lang='lat' dir='ltr'><strong>virginum</strong></span> <span class='ocrx_word' id='word_1_686' title='bbox 346 4771 457 4844; x_wconf 92' lang='lat' dir='ltr'><strong>liquido</strong></span> <span class='ocrx_word' id='word_1_687' title='bbox 487 4773 600 4829; x_wconf 88' lang='lat' dir='ltr'><strong>cunctis</strong></span> <span class='ocrx_word' id='word_1_688' title='bbox 629 4780 751 4844; x_wconf 90' lang='lat' dir='ltr'><strong>apparet</strong></span> <span class='ocrx_word' id='word_1_689' title='bbox 779 4775 883 4844; x_wconf 74' lang='lat' dir='ltr'><strong>(told.</strong></span> <span class='ocrx_word' id='word_1_690' title='bbox 911 4778 986 4848; x_wconf 83' lang='lat' dir='ltr'><strong>xxv).</strong></span> <span class='ocrx_word' id='word_1_691' title='bbox 1042 4780 1279 4853; x_wconf 77' lang='lat' dir='ltr'><strong>terescioquod</strong></span> <span class='ocrx_word' id='word_1_692' title='bbox 1297 4784 1407 4840; x_wconf 87' lang='lat' dir='ltr'><strong>itaest.</strong></span> <span class='ocrx_word' id='word_1_693' title='bbox 1425 4804 1439 4832; x_wconf 83' lang='lat'>»</span> <span class='ocrx_word' id='word_1_694' title='bbox 1463 4784 1640 4840; x_wconf 76' lang='lat' dir='ltr'><strong>Beatusiub</strong></span> <span class='ocrx_word' id='word_1_695' title='bbox 1664 4784 1860 4842; x_wconf 85' lang='lat' dir='ltr'><strong>discernendis</strong></span> 
     </span>
     <span class='ocr_line' id='line_1_53' title="bbox 166 4861 1860 4944; baseline 0.009 -32"><span class='ocrx_word' id='word_1_696' title='bbox 166 4882 180 4912; x_wconf 76' lang='lat' dir='ltr'><strong>a</strong></span> <span class='ocrx_word' id='word_1_697' title='bbox 198 4861 306 4919; x_wconf 80' lang='lat' dir='ltr'><strong>Fulciel</strong></span> <span class='ocrx_word' id='word_1_698' title='bbox 316 4879 392 4930; x_wconf 87' lang='lat' dir='ltr'><strong>eam,</strong></span> <span class='ocrx_word' id='word_1_699' title='bbox 403 4885 417 4913; x_wconf 73' lang='grc' dir='ltr'>ε</span> <span class='ocrx_word' id='word_1_700' title='bbox 429 4861 541 4920; x_wconf 87' lang='lat' dir='ltr'><strong>scilicet</strong></span> <span class='ocrx_word' id='word_1_701' title='bbox 549 4864 769 4919; x_wconf 86' lang='lat' dir='ltr'><strong>enumeratione</strong></span> <span class='ocrx_word' id='word_1_702' title='bbox 784 4881 905 4937; x_wconf 90' lang='lat' dir='ltr'><strong>operum</strong></span> <span class='ocrx_word' id='word_1_703' title='bbox 918 4884 987 4922; x_wconf 91' lang='lat' dir='ltr'><strong>suo·</strong></span> <span class='ocrx_word' id='word_1_704' title='bbox 1042 4872 1305 4927; x_wconf 89' lang='lat' dir='ltr'><strong>contradicentium</strong></span> <span class='ocrx_word' id='word_1_705' title='bbox 1322 4872 1459 4929; x_wconf 87' lang='lat' dir='ltr'><strong>sensibus</strong></span> <span class='ocrx_word' id='word_1_706' title='bbox 1475 4874 1664 4944; x_wconf 75' lang='lat' dir='ltr'><strong>equissimus</strong></span> <span class='ocrx_word' id='word_1_707' title='bbox 1675 4875 1787 4931; x_wconf 88' lang='lat' dir='ltr'><strong>arhitsr</strong></span> <span class='ocrx_word' id='word_1_708' title='bbox 1797 4873 1860 4931; x_wconf 85' lang='lat' dir='ltr'><strong>resi·</strong></span> 
     </span>
     <span class='ocr_line' id='line_1_54' title="bbox 164 4952 1860 5032; baseline 0.008 -27"><span class='ocrx_word' id='word_1_709' title='bbox 164 4967 240 5020; x_wconf 86' lang='lat' dir='ltr'><strong>rum,</strong></span> <span class='ocrx_word' id='word_1_710' title='bbox 257 4972 272 5000; x_wconf 75' lang='grc' dir='ltr'><strong>ιι</strong></span> <span class='ocrx_word' id='word_1_711' title='bbox 287 4955 315 5007; x_wconf 91' lang='lat' dir='ltr'><strong>et</strong></span> <span class='ocrx_word' id='word_1_712' title='bbox 326 4968 383 5006; x_wconf 92' lang='lat' dir='ltr'><strong>non</strong></span> <span class='ocrx_word' id='word_1_713' title='bbox 395 4958 574 5024; x_wconf 73' lang='lat' dir='ltr'><strong>consurget»</strong></span> <span class='ocrx_word' id='word_1_714' title='bbox 586 4952 720 5007; x_wconf 88' lang='lat' dir='ltr'><strong>videlicet</strong></span> <span class='ocrx_word' id='word_1_715' title='bbox 731 4952 846 5010; x_wconf 90' lang='lat' dir='ltr'><strong>dicente</strong></span> <span class='ocrx_word' id='word_1_716' title='bbox 861 4955 961 5010; x_wconf 83' lang='lat' dir='ltr'><strong>iudice</strong></span> <span class='ocrx_word' id='word_1_717' title='bbox 978 4971 985 5011; x_wconf 92' lang='lat'>:</span> <span class='ocrx_word' id='word_1_718' title='bbox 1042 4961 1125 5030; x_wconf 89' lang='lat' dir='ltr'><strong>dens,</strong></span> <span class='ocrx_word' id='word_1_719' title='bbox 1142 4961 1346 5032; x_wconf 87' lang='lat' dir='ltr'><strong>quihonorum</strong></span> <span class='ocrx_word' id='word_1_720' title='bbox 1359 4963 1489 5017; x_wconf 91' lang='lat' dir='ltr'><strong>omnium</strong></span> <span class='ocrx_word' id='word_1_721' title='bbox 1504 4968 1630 5027; x_wconf 89' lang='lat' dir='ltr'><strong>mosest,</strong></span> <span class='ocrx_word' id='word_1_722' title='bbox 1642 4963 1685 5019; x_wconf 86' lang='lat' dir='ltr'><strong>sic</strong></span> <span class='ocrx_word' id='word_1_723' title='bbox 1697 4965 1798 5021; x_wconf 88' lang='lat' dir='ltr'><strong>studet</strong></span> <span class='ocrx_word' id='word_1_724' title='bbox 1809 4978 1860 5019; x_wconf 84' lang='lat' dir='ltr'><strong>era·</strong></span> 
     </span>
     <span class='ocr_line' id='line_1_55' title="bbox 164 5037 1859 5128; baseline 0.011 -35"><span class='ocrx_word' id='word_1_725' title='bbox 164 5060 179 5088; x_wconf 74' lang='lat' dir='ltr'><strong>a</strong></span> <span class='ocrx_word' id='word_1_726' title='bbox 197 5037 337 5111; x_wconf 90' lang='lat' dir='ltr'><strong>Nunquid</strong></span> <span class='ocrx_word' id='word_1_727' title='bbox 349 5041 413 5097; x_wconf 90' lang='lat' dir='ltr'><strong>novi</strong></span> <span class='ocrx_word' id='word_1_728' title='bbox 425 5058 476 5097; x_wconf 87' lang='lat' dir='ltr'><strong>vos</strong></span> <span class='ocrx_word' id='word_1_729' title='bbox 486 5041 500 5096; x_wconf 76' lang='lat' dir='ltr'><strong>‘i</strong></span> <span class='ocrx_word' id='word_1_730' title='bbox 511 5041 653 5097; x_wconf 87' lang='lat' dir='ltr'><strong>discedite</strong></span> <span class='ocrx_word' id='word_1_731' title='bbox 664 5060 681 5098; x_wconf 86' lang='lat' dir='ltr'><strong>a</strong></span> <span class='ocrx_word' id='word_1_732' title='bbox 693 5058 738 5098; x_wconf 91' lang='lat' dir='ltr'><strong>me</strong></span> <span class='ocrx_word' id='word_1_733' title='bbox 748 5041 850 5115; x_wconf 73' lang='lat' dir='ltr'><strong>(ilic).</strong></span> <span class='ocrx_word' id='word_1_734' title='bbox 867 5066 882 5094; x_wconf 74' lang='grc' dir='ltr'>ε</span> <span class='ocrx_word' id='word_1_735' title='bbox 898 5044 945 5102; x_wconf 90' lang='lat' dir='ltr'><strong>Sic</strong></span> <span class='ocrx_word' id='word_1_736' title='bbox 957 5046 986 5102; x_wconf 93' lang='lat' dir='ltr'><strong>in</strong></span> <span class='ocrx_word' id='word_1_737' title='bbox 1041 5051 1138 5107; x_wconf 90' lang='lat' dir='ltr'><strong>dicare</strong></span> <span class='ocrx_word' id='word_1_738' title='bbox 1155 5053 1233 5124; x_wconf 89' lang='lat' dir='ltr'><strong>quod</strong></span> <span class='ocrx_word' id='word_1_739' title='bbox 1249 5056 1362 5126; x_wconf 86' lang='lat' dir='ltr'><strong>pungit.</strong></span> <span class='ocrx_word' id='word_1_740' title='bbox 1377 5059 1409 5110; x_wconf 88' lang='lat' dir='ltr'><strong>ut</strong></span> <span class='ocrx_word' id='word_1_741' title='bbox 1420 5054 1530 5110; x_wconf 87' lang='lat' dir='ltr'><strong>noverit</strong></span> <span class='ocrx_word' id='word_1_742' title='bbox 1542 5070 1659 5112; x_wconf 89' lang='lat' dir='ltr'><strong>servare</strong></span> <span class='ocrx_word' id='word_1_743' title='bbox 1672 5056 1752 5128; x_wconf 94' lang='lat' dir='ltr'><strong>quod</strong></span> <span class='ocrx_word' id='word_1_744' title='bbox 1765 5055 1859 5119; x_wconf 78' lang='lat' dir='ltr'><strong>raucit</strong></span> 
     </span>
     <span class='ocr_line' id='line_1_56' title="bbox 160 5126 1859 5216; baseline 0.009 -33"><span class='ocrx_word' id='word_1_745' title='bbox 160 5126 275 5199; x_wconf 83' lang='lat' dir='ltr'><strong>judicio</strong></span> <span class='ocrx_word' id='word_1_746' title='bbox 289 5131 503 5200; x_wconf 84' lang='lat' dir='ltr'><strong>reprobandus.</strong></span> <span class='ocrx_word' id='word_1_747' title='bbox 1042 5140 1070 5195; x_wconf 91' lang='lat' dir='ltr'><strong>id</strong></span> <span class='ocrx_word' id='word_1_748' title='bbox 1086 5145 1131 5196; x_wconf 85' lang='lat' dir='ltr'><strong>eat</strong></span> <span class='ocrx_word' id='word_1_749' title='bbox 1146 5142 1347 5214; x_wconf 84' lang='lat' dir='ltr'><strong>eicperversos</strong></span> <span class='ocrx_word' id='word_1_750' title='bbox 1357 5144 1495 5214; x_wconf 87' lang='lat' dir='ltr'><strong>dijudicat</strong></span> <span class='ocrx_word' id='word_1_751' title='bbox 1510 5151 1540 5200; x_wconf 90' lang='lat' dir='ltr'><strong>nt</strong></span> <span class='ocrx_word' id='word_1_752' title='bbox 1551 5162 1616 5216; x_wconf 77' lang='lat' dir='ltr'><strong>quie</strong></span> <span class='ocrx_word' id='word_1_753' title='bbox 1627 5150 1706 5202; x_wconf 83' lang='lat' dir='ltr'><strong>recte</strong></span> <span class='ocrx_word' id='word_1_754' title='bbox 1718 5146 1859 5211; x_wconf 75' lang='lat' dir='ltr'><strong>dicuntur,</strong></span> 
     </span>
     <span class='ocr_line' id='line_1_57' title="bbox 198 5216 1860 5306; baseline 0.013 -35"><span class='ocrx_word' id='word_1_755' title='bbox 198 5216 286 5272; x_wconf 81' lang='lat' dir='ltr'><strong>Vens.</strong></span> <span class='ocrx_word' id='word_1_756' title='bbox 299 5219 342 5273; x_wconf 90' lang='lat'><strong>16.</strong></span> <span class='ocrx_word' id='word_1_757' title='bbox 355 5249 389 5259; x_wconf 89' lang='lat'>-</span> <span class='ocrx_word' id='word_1_758' title='bbox 402 5241 416 5268; x_wconf 92' lang='lat'>«</span> <span class='ocrx_word' id='word_1_759' title='bbox 430 5218 613 5274; x_wconf 78' lang='lat' dir='ltr'><strong>Humectus·</strong></span> <span class='ocrx_word' id='word_1_760' title='bbox 626 5219 777 5288; x_wconf 87' lang='lat' dir='ltr'><strong>charitate,</strong></span> <span class='ocrx_word' id='word_1_761' title='bbox 789 5221 989 5295; x_wconf 81' lang='lat' dir='ltr'><strong>irrignusnvi·</strong></span> <span class='ocrx_word' id='word_1_762' title='bbox 1042 5237 1185 5297; x_wconf 86' lang='lat' dir='ltr'><strong>assumat,</strong></span> <span class='ocrx_word' id='word_1_763' title='bbox 1202 5232 1321 5288; x_wconf 90' lang='lat' dir='ltr'><strong>dicens:</strong></span> <span class='ocrx_word' id='word_1_764' title='bbox 1334 5253 1349 5283; x_wconf 75' lang='lat' dir='ltr'><strong>a</strong></span> <span class='ocrx_word' id='word_1_765' title='bbox 1359 5232 1432 5289; x_wconf 92' lang='lat' dir='ltr'><strong>Vere</strong></span> <span class='ocrx_word' id='word_1_766' title='bbox 1443 5235 1504 5291; x_wconf 90' lang='lat' dir='ltr'><strong>seio</strong></span> <span class='ocrx_word' id='word_1_767' title='bbox 1515 5234 1594 5306; x_wconf 91' lang='lat' dir='ltr'><strong>quod</strong></span> <span class='ocrx_word' id='word_1_768' title='bbox 1604 5235 1645 5291; x_wconf 89' lang='lat' dir='ltr'><strong>ita</strong></span> <span class='ocrx_word' id='word_1_769' title='bbox 1655 5240 1712 5303; x_wconf 87' lang='grc' dir='ltr'>θεῖ,</span> <span class='ocrx_word' id='word_1_770' title='bbox 1725 5260 1736 5290; x_wconf 76' lang='grc' dir='ltr'>ι</span> <span class='ocrx_word' id='word_1_771' title='bbox 1756 5236 1860 5293; x_wconf 86' lang='lat' dir='ltr'><strong>scilicet</strong></span> 
     </span>
     <span class='ocr_line' id='line_1_58' title="bbox 163 5306 1859 5396; baseline 0.01 -34"><span class='ocrx_word' id='word_1_772' title='bbox 163 5306 275 5364; x_wconf 79' lang='lat' dir='ltr'><strong>detur»</strong></span> <span class='ocrx_word' id='word_1_773' title='bbox 293 5324 419 5380; x_wconf 78' lang='lat' dir='ltr'><strong>scirpus,</strong></span> <span class='ocrx_word' id='word_1_774' title='bbox 435 5308 464 5363; x_wconf 90' lang='lat' dir='ltr'><strong>id</strong></span> <span class='ocrx_word' id='word_1_775' title='bbox 491 5313 535 5363; x_wconf 89' lang='lat' dir='ltr'><strong>est</strong></span> <span class='ocrx_word' id='word_1_776' title='bbox 546 5308 706 5380; x_wconf 87' lang='lat' dir='ltr'><strong>hypocrite,</strong></span> <span class='ocrx_word' id='word_1_777' title='bbox 724 5332 738 5361; x_wconf 77' lang='lat' dir='ltr'><strong>a</strong></span> <span class='ocrx_word' id='word_1_778' title='bbox 759 5318 917 5384; x_wconf 91' lang='lat' dir='ltr'><strong>antequam</strong></span> <span class='ocrx_word' id='word_1_779' title='bbox 934 5332 985 5372; x_wconf 92' lang='lat' dir='ltr'><strong>ve·</strong></span> <span class='ocrx_word' id='word_1_780' title='bbox 1042 5321 1210 5391; x_wconf 89' lang='lat' dir='ltr'><strong>quia,sicut</strong></span> <span class='ocrx_word' id='word_1_781' title='bbox 1225 5323 1308 5388; x_wconf 90' lang='lat' dir='ltr'><strong>dicis,</strong></span> <span class='ocrx_word' id='word_1_782' title='bbox 1328 5322 1404 5378; x_wconf 88' lang='lat' dir='ltr'><strong>Deus</strong></span> <span class='ocrx_word' id='word_1_783' title='bbox 1420 5339 1478 5379; x_wconf 95' lang='lat' dir='ltr'><strong>non</strong></span> <span class='ocrx_word' id='word_1_784' title='bbox 1495 5322 1666 5396; x_wconf 86' lang='lat' dir='ltr'><strong>supplantat</strong></span> <span class='ocrx_word' id='word_1_785' title='bbox 1675 5325 1826 5396; x_wconf 87' lang='lat' dir='ltr'><strong>judicium</strong></span> <span class='ocrx_word' id='word_1_786' title='bbox 1837 5326 1859 5381; x_wconf 85' lang='lat' dir='ltr'><strong>el</strong></span> 
     </span>
     <span class='ocr_line' id='line_1_59' title="bbox 164 5395 1862 5488; baseline 0.011 -37"><span class='ocrx_word' id='word_1_787' title='bbox 164 5396 225 5452; x_wconf 88' lang='lat' dir='ltr'><strong>nial</strong></span> <span class='ocrx_word' id='word_1_788' title='bbox 239 5395 293 5468; x_wconf 84' lang='lat' dir='ltr'><strong>soi,</strong></span> <span class='ocrx_word' id='word_1_789' title='bbox 310 5418 324 5447; x_wconf 77' lang='lat' dir='ltr'><strong>n</strong></span> <span class='ocrx_word' id='word_1_790' title='bbox 353 5396 464 5452; x_wconf 88' lang='lat' dir='ltr'><strong>scilicet</strong></span> <span class='ocrx_word' id='word_1_791' title='bbox 491 5397 625 5454; x_wconf 88' lang='lat' dir='ltr'><strong>Christus</strong></span> <span class='ocrx_word' id='word_1_792' title='bbox 653 5399 688 5452; x_wconf 87' lang='lat' dir='ltr'><strong>ad</strong></span> <span class='ocrx_word' id='word_1_793' title='bbox 701 5399 910 5470; x_wconf 87' lang='lat' dir='ltr'><strong>judicandum,</strong></span> <span class='ocrx_word' id='word_1_794' title='bbox 928 5428 943 5456; x_wconf 77' lang='lat' dir='ltr'><strong>a</strong></span> <span class='ocrx_word' id='word_1_795' title='bbox 960 5411 989 5462; x_wconf 90' lang='lat' dir='ltr'><strong>et</strong></span> <span class='ocrx_word' id='word_1_796' title='bbox 1044 5411 1120 5482; x_wconf 90' lang='lat' dir='ltr'><strong>quod</strong></span> <span class='ocrx_word' id='word_1_797' title='bbox 1137 5426 1193 5466; x_wconf 89' lang='lat' dir='ltr'><strong>non</strong></span> <span class='ocrx_word' id='word_1_798' title='bbox 1209 5412 1350 5468; x_wconf 87' lang='lat' dir='ltr'><strong>subsistet</strong></span> <span class='ocrx_word' id='word_1_799' title='bbox 1364 5413 1471 5468; x_wconf 79' lang='lat' dir='ltr'><strong>fiducia</strong></span> <span class='ocrx_word' id='word_1_800' title='bbox 1482 5413 1700 5487; x_wconf 89' lang='lat' dir='ltr'><strong>hypocritarum</strong></span> <span class='ocrx_word' id='word_1_801' title='bbox 1712 5415 1784 5488; x_wconf 71' lang='lat' dir='ltr'><strong>(tob.</strong></span> <span class='ocrx_word' id='word_1_802' title='bbox 1796 5413 1862 5487; x_wconf 85' lang='lat' dir='ltr'><strong>vm).</strong></span> 
     </span>
     <span class='ocr_line' id='line_1_60' title="bbox 162 5485 1865 5581; baseline 0.014 -41"><span class='ocrx_word' id='word_1_803' title='bbox 162 5485 192 5541; x_wconf 92' lang='lat' dir='ltr'><strong>in</strong></span> <span class='ocrx_word' id='word_1_804' title='bbox 212 5496 276 5544; x_wconf 90' lang='lat' dir='ltr'><strong>ortu</strong></span> <span class='ocrx_word' id='word_1_805' title='bbox 292 5503 347 5544; x_wconf 90' lang='lat' dir='ltr'><strong>suo</strong></span> <span class='ocrx_word' id='word_1_806' title='bbox 362 5502 482 5559; x_wconf 86' lang='lat' dir='ltr'><strong>germen</strong></span> <span class='ocrx_word' id='word_1_807' title='bbox 500 5485 567 5559; x_wconf 85' lang='lat' dir='ltr'><strong>ejus</strong></span> <span class='ocrx_word' id='word_1_808' title='bbox 581 5487 757 5561; x_wconf 87' lang='lat' dir='ltr'><strong>egredietur,</strong></span> <span class='ocrx_word' id='word_1_809' title='bbox 776 5510 788 5539; x_wconf 73' lang='grc' dir='ltr'>ε</span> <span class='ocrx_word' id='word_1_810' title='bbox 806 5490 836 5547; x_wconf 80' lang='lat' dir='ltr'><strong>id</strong></span> <span class='ocrx_word' id='word_1_811' title='bbox 852 5499 896 5549; x_wconf 89' lang='grc' dir='ltr'>θεῖ</span> <span class='ocrx_word' id='word_1_812' title='bbox 912 5494 989 5553; x_wconf 88' lang='lat' dir='ltr'><strong>sient</strong></span> <span class='ocrx_word' id='word_1_813' title='bbox 1043 5503 1121 5557; x_wconf 81' lang='lat' dir='ltr'><strong>m</strong></span> <span class='ocrx_word' id='word_1_814' title='bbox 1129 5500 1399 5576; x_wconf 87' lang='lat' dir='ltr'><strong>Moxqueeumdem</strong></span> <span class='ocrx_word' id='word_1_815' title='bbox 1411 5503 1865 5581; x_wconf 81' lang='lat' dir='ltr'><strong>prosequiturqusmincmptum</strong></span> 
     </span>
    </p>
   </div>
   <div class='ocr_carea' id='block_1_6' title="bbox 0 0 1918 6014">
    <p class='ocr_par' dir='ltr' id='par_1_6' title="bbox 0 0 1918 6014">
     <span class='ocr_line' id='line_1_61' title="bbox 0 0 1918 6014; baseline 0 2"><span class='ocrx_word' id='word_1_816' title='bbox 0 0 1918 6014; x_wconf 95' lang='lat' dir='ltr'><strong> </strong></span> 
     </span>
    </p>
   </div>
  </div>
 </body>
</html>
