3826 6014
64 185 123 247 837
327 180 531 244 COMMSNV.
556 179 595 242 ΙΝ
618 179 673 281 llll
697 178 838 240 raban.
863 179 949 242 lllN.
975 213 1011 226 -
1033 182 1074 248 IN
1096 184 1278 249 MALAGH.
1301 185 1376 247 tra.
1399 187 1516 250 UNUS.
1709 192 1770 255 8³8

65 308 1770 367 Μ
1820 326 1823 331 ·

488 428 577 551 li.
624 430 716 550 Ι).
761 428 853 552 Ι).
904 428 1336 557 tsttrattTt

720 618 883 678 narrarit
906 619 1129 682 'l'UlTlENSlS

130 726 251 846 IN
329 723 848 849 OANTICA
926 728 1690 858 (JANTIOORUM

650 877 701 937 ba
723 877 1022 940 rnoaartamotta
1048 879 1190 941 DOMINI

527 980 1297 1082 COMMENTARIORUM

788 1134 1024 1205 santonus

108 1258 189 1317 878
206 1250 266 1322 Qui
281 1257 391 1313 contra
406 1250 568 1312 bominem
584 1251 718 1313 similem
734 1252 794 1313 sibi
810 1253 958 1324 luctatur,
971 1259 1026 1314 aut
1040 1253 1071 1314 in
1088 1271 1190 1334 agona
1206 1256 1369 1317 contendit
1384 1274 1464 1336 opus
1480 1257 1576 1321 babet
1590 1258 1774 1324 tortitudine

66 1334 224 1416 corporis,
241 1340 276 1395 ut
290 1333 411 1394 athleta
426 1335 527 1394 uictor
541 1333 690 1410 existens,
703 1333 791 1413 justa
805 1333 915 1394 laurea
930 1341 1088 1395 mereatur
1111 1337 1268 1399 coronari.
1285 1340 1385 1399 Porro
1401 1338 1456 1418 qui
1471 1356 1542 1400 cnm
1567 1340 1631 1401 Deo
1647 1340 1773 1418 luctari,

66 1425 99 1480 at
112 1435 209 1496 regno
225 1414 377 1475 coelorum
393 1414 455 1473 vim
473 1414 587 1475 interra
613 1415 786 1492 praesumit,
803 1415 867 1475 alia
889 1419 920 1475 et
945 1415 1066 1476 meliori
1091 1416 1275 1479 tortitudine
1298 1436 1378 1498 opus
1392 1419 1498 1491 babet,
1516 1419 1634 1481 scilicet
1649 1423 1773 1483 tortitu-

66 1498 141 1559 dine
157 1497 280 1558 mentis.
298 1497 375 1555 Nam
393 1495 544 1555 tortitudo
560 1495 702 1574 corporis
718 1496 792 1574 quid
810 1496 874 1556 ittic
889 1498 999 1556 valet?
1015 1496 1149 1576 Spiritus
1165 1500 1248 1559 anim
1273 1509 1320 1560 est
1336 1501 1426 1572 Deus,
1444 1507 1475 1560 et
1490 1501 1570 1561 sicut
1585 1520 1669 1573 eum,
1689 1526 1705 1559 a
1718 1502 1774 1582 qni

60 1581 193 1649 adorat,
210 1578 343 1636 adorare
358 1583 483 1654 oportet
496 1575 526 1635 in
542 1576 654 1653 spiritu
671 1585 703 1636 et
717 1578 847 1637 veritate
861 1575 963 1652 (loun.
979 1576 1035 1655 tv),
1056 1602 1070 1633 a
1088 1578 1131 1639 ita
1147 1581 1353 1640 nibilominus
1373 1599 1444 1641 eum
1461 1581 1514 1659 qui
1538 1583 1687 1653 luctatur,
1706 1586 1772 1644 col·

67 1659 183 1721 luctari
198 1663 324 1737 oportet
340 1657 371 1716 in
393 1655 502 1735 spiritu
529 1666 560 1716 st
576 1661 718 1717 veritate.
737 1659 922 1736 Exemplum
948 1659 1114 1719 laudanda
1139 1659 1234 1738 bajus
1249 1659 1443 1721 fortitudinis
1468 1660 1621 1723 babemus
1635 1663 1666 1722 in
1684 1671 1775 1742 patre
1871 1712 1874 1719 .

68 1747 178 1802 nostro
192 1738 303 1806 Jacob,
319 1736 587 1816 quemadmodum
605 1738 768 1816 Scriptura
783 1741 878 1798 dicit:
896 1737 1063 1817 «Cumque
1079 1747 1199 1800 matura
1215 1740 1401 1802 surrexisset
1414 1740 1525 1819 iacob,
1543 1742 1695 1804 traductis
1709 1761 1774 1804 um·

68 1822 175 1891 nibus,
190 1837 261 1898 quae
283 1822 323 1878 ad
338 1837 371 1878 se
396 1817 605 1896 pertinebant,
623 1819 775 1879 remansit
796 1819 902 1879 solus:
919 1826 950 1879 et
973 1837 1044 1879 ecce
1061 1821 1110 1878 vir
1133 1819 1311 1881 lactabatur
1324 1839 1395 1882 cum
1421 1840 1457 1882 eo
1480 1841 1579 1901 usqua
1595 1840 1698 1884 mane.
1714 1824 1774 1896 Oui

58 1918 141 1962 cum
159 1900 288 1971 videret,
301 1897 384 1977 quod
401 1916 472 1958 eum
486 1916 636 1977 superare
648 1917 710 1959 nun
726 1907 842 1977 posset,
854 1898 934 1959 dixit
945 1900 984 1958 ad
996 1917 1067 1958 aum
1081 1916 1088 1959 :
1102 1899 1228 1961 Dimitte
1241 1919 1300 1974 me,
1311 1900 1377 1980 jam
1392 1903 1474 1962 enirn
1488 1903 1628 1963 ascendit
1643 1922 1771 1968 aurora.

57 1981 265 2061 Respondit:
284 1981 352 2039 Non
368 1979 524 2039 dimittam
541 1986 583 2046 te,
596 1980 654 2038 nisi
667 1978 862 2041 benedixeris
877 1978 965 2039 mibi.
977 1981 1016 2039 Et
1026 1979 1215 2042 benedicens
1229 1982 1274 2041 illi
1287 1999 1295 2041 ι
1307 1982 1340 2043 Si
1355 1991 1464 2043 contra
1477 1985 1572 2044 Deum
1589 1984 1703 2063 inquit,
1716 1985 1775 2047 lor·

71 2064 112 2123 tis
127 2061 223 2136 luisti,
238 2067 359 2138 quanto
376 2062 476 2139 magis
492 2068 600 2121 rantra
616 2060 758 2120 homines
774 2059 959 2138 praevalebis
975 2057 1061 2139 (Gen.
1078 2062 1218 2202 xxxiia.»
1238 2062 1415 2123 Secundum
1431 2064 1509 2123 illud
1526 2066 1717 2143 exemplum,
1731 2066 1778 2126 vir

70 2143 125 2204 ille
139 2142 244 2203 adbuc
259 2159 326 2201 saea
340 2159 359 2200 a
374 2141 565 2201 colluctante
584 2142 702 2219 patitur
713 2141 793 2202 vinci
809 2139 1102 2219 quotiesstudiosus
1115 2149 1146 2202 et
1173 2142 1397 2203 'delisanimus
1412 2143 1520 2205 tandiu
1538 2153 1679 2205 versatur
1693 2146 1778 2208 circa

69 2223 203 2284 uerbum
219 2222 286 2300 Dei,
302 2222 403 2282 donec
417 2229 600 2300 extorqueat
617 2221 657 2281 ab
673 2221 727 2281 illa
744 2221 990 2282 benedictionem
1006 2223 1141 2300 Spiritus
1156 2222 1267 2289 sancti,
1285 2231 1416 2301 quaeest
1432 2242 1524 2286 verus
1538 2231 1569 2285 et
1583 2225 1667 2287 utilis
1680 2224 1774 2288 intel·
1832 2234 1836 2239 '

70 2304 170 2365 lactus
186 2302 335 2383 mysterii,
351 2303 398 2362 rel
415 2303 585 2379 Scriptura
601 2319 694 2379 qnam
708 2303 788 2362 Deus
803 2300 1034 2362 rationabiliter
1049 2304 1196 2381 signavit,
1213 2310 1246 2363 ut
1261 2321 1321 2364 nun
1336 2305 1427 2365 lacile
1445 2305 1771 2384 possitapprehendir

70 2386 152 2458 Ouia
168 2383 347 2463 margaritas
363 2401 424 2442 non
440 2390 530 2443 arant
547 2385 706 2443 mittendas
722 2401 826 2443 curam
845 2381 946 2462 porcis
960 2382 972 2462 (
985 2384 1084 2442 ttotrb.
1102 2383 1169 2463 vn),
1182 2404 1197 2441 n
1216 2393 1248 2444 et
1261 2385 1348 2444 nulla
1375 2386 1561 2447 dillicnltate
1577 2386 1720 2459 vincitur,
1740 2402 1774 2450 ut

73 2466 215 2532 desistat,
230 2468 331 2525 donec
346 2464 615 2542 apprehendatur,
628 2464 771 2542 quamvis
786 2462 1023 2540 quonammodo
1036 2464 1135 2541 lugiet
1147 2482 1250 2524 sermo
1268 2467 1331 2535 Dei,
1348 2483 1443 2544 sequa
1452 2467 1566 2543 jubeat
1577 2467 1703 2528 dimitti.
1718 2468 1775 2546 lgi-

71 2553 137 2618 tur,
153 2564 172 2605 ο
188 2548 319 2606 Domina
336 2547 387 2604 Der
405 2544 540 2622 genitrix
557 2545 663 2620 illaria,
681 2555 711 2604 et
726 2544 911 2622 incorrupta
927 2550 1028 2603 mater
1040 2543 1133 2604 Verbi
1149 2545 1259 2605 eterni
1273 2545 1330 2607 Dei
1351 2555 1382 2605 et
1398 2546 1535 2608 bominis
1559 2550 1632 2608 iesu
1646 2549 1773 2622 Christi,

70 2646 134 2687 non
152 2627 239 2696 mais,
255 2628 308 2686 scd
334 2624 396 2685 tuis
410 2633 551 2685 armatus
580 2625 697 2684 meritis
712 2642 783 2684 curn
807 2625 868 2684 isto
883 2623 962 2696 viro,
991 2624 1110 2685 scilicet
1125 2643 1195 2685 aum
1222 2627 1324 2687 Verbo
1350 2626 1412 2686 Dei.
1432 2627 1524 2704 cupio
1544 2627 1668 2705 luctari,
1687 2636 1721 2688 ut
1735 2629 1774 2689 da

70 2707 207 2769 Canticis
222 2706 415 2767 canticorum
431 2725 511 2784 opus
526 2712 729 2784 extorqueam
747 2703 831 2778 quod
849 2722 910 2764 non
927 2704 1078 2766 dedeceat
1094 2706 1198 2767 vocari
1215 2705 1253 2765 de
1270 2705 1488 2767 incarnatione
1507 2708 1640 2779 Domini,
1657 2711 1696 2768 ad
1713 2710 1777 2769 lau·

70 2789 143 2849 darn
158 2795 189 2848 at
204 2787 336 2866 gloriam
351 2788 490 2863 ejusdem
508 2788 644 2856 Dunrini,
655 2786 695 2845 a·l
711 2786 835 2846 laudem
851 2793 881 2845 et
895 2783 1048 2846 bonorem
1064 2793 1125 2848 tuas
1139 2786 1351 2847 beatitudinis.
1369 2788 1437 2847 Non
1454 2804 1535 2847 nora
1550 2786 1616 2849 haec
1630 2786 1775 2850 voluntas

70 2886 156 2929 nnnc
171 2869 292 2928 incidit.
305 2873 384 2928 Ante
399 2885 500 2927 annos
515 2866 638 2944 aliquot
652 2884 723 2926 cum
740 2884 840 2927 essem
854 2865 973 2943 junior,
989 2867 1115 2945 cingere
1131 2885 1180 2927 ma
1196 2866 1369 2938 volueram,
1386 2873 1417 2927 et
1432 2866 1526 2946 bajus
1541 2867 1677 2929 nominis
1697 2887 1777 2947 opus
1895 2870 1903 2893 ·'

71 2947 214 3028 aggredi,
231 2949 350 3009 scilicet
365 2947 403 3008 de
418 2948 637 3007 incarnatione
654 2945 789 3018 Domini,
809 2965 864 3025 per
879 2947 1076 3007 occasionem
1094 2947 1288 3021 hujusmodi.
1301 2948 1413 3009 Coram
1431 2949 1539 3027 regina
1554 2950 1705 3009 coelorum
1728 2949 1777 3010 lo·

74 3048 166 3109 quor,
179 3046 198 3089 a
213 3046 364 3089 conservo
376 3046 445 3088 meo
460 3029 601 3107 quolibet
612 3027 736 3088 irrideri
746 3045 808 3087 non
825 3027 935 3099 debeo,
949 3028 1071 3088 dicente
1086 3045 1093 3088 :
1108 3052 1121 3082 a
1137 3029 1215 3089 Ecce
1226 3029 1398 3088 somniator
1411 3027 1501 3108 (Gen.
1515 3029 1644 3107 xxxva).
1658 3051 1673 3085 s
1686 3029 1779 3091 Sede·

71 3110 145 3171 bam
161 3110 252 3188 quasi
273 3108 431 3170 solitarius
448 3128 502 3187 per
527 3109 626 3168 visum
649 3107 762 3178 noctis,
778 3113 810 3168 et
836 3125 908 3169 ecca
931 3109 1023 3187 quasi
1039 3131 1055 3164 a
1070 3108 1182 3169 sibilus
1198 3127 1282 3170 aurae
1309 3109 1412 3169 tenuis
1426 3107 1493 3188 (ΙΙΙ
1516 3108 1589 3189 lieg.
1606 3108 1673 3188 xix)
1686 3132 1702 3168 n
1721 3127 1779 3190 per

71 3199 242 3272 utramque
256 3207 363 3251 aurern
380 3197 606 3260 transcurrens,
625 3186 763 3249 velocius
777 3207 873 3268 quarn
888 3187 950 3250 dici
967 3188 1074 3268 possit,
1090 3189 1213 3250 istosin
1230 3208 1278 3250 ma
1293 3190 1464 3251 uersiculos
1480 3188 1646 3271 deposuit:

412 3293 537 3357 demina
552 3305 648 3356 mente
663 3294 758 3357 Deam
773 3300 919 3378 concepit,
936 3314 1059 3378 corpore
1074 3295 1249 3362 Christum:

497 3375 617 3457 Integra
631 3376 715 3455 ladit
729 3396 795 3437 earn
809 3378 855 3437 nrt
868 3389 1007 3449 comante
1022 3383 1103 3439 viru.

116 3486 194 3548 Cum
211 3503 353 3546 reversus
368 3483 409 3544 ad
424 3491 538 3545 memet
555 3483 726 3546 versiculos
742 3485 847 3545 taliter
862 3493 1007 3562 acceqrtos
1022 3491 1126 3547 menta
1141 3489 1380 3565 pertractarem,
1397 3491 1427 3546 et
1443 3484 1616 3563 nonnullis,
1632 3487 1715 3548 unde
1729 3485 1780 3547 vel

74 3569 213 3648 qualiter
226 3564 415 3645 acceperim,
427 3565 577 3626 secretius
593 3584 655 3626 non
672 3566 737 3625 sina
753 3564 961 3627 admiratione
977 3567 1189 3635 denarrarem,
1202 3575 1298 3644 atque
1312 3567 1351 3625 ad
1366 3567 1533 3627 multorum
1552 3565 1694 3627 notitiam
1708 3584 1777 3626 ver-

73 3647 164 3710 siculi
180 3647 404 3726 perrenissent,
422 3646 478 3725 qui
494 3652 598 3705 tamen
614 3647 771 3706 nescirent
786 3653 870 3706 unda
889 3646 1090 3725 accepissem,
1106 3664 1144 3706 ex
1171 3647 1279 3705 multis
1298 3652 1329 3706 et
1353 3646 1570 3724 diversisque
1597 3646 1776 3719 audiebam,

62 3727 198 3790 occasio
213 3746 246 3790 sa
261 3727 407 3807 praebuit,
425 3733 460 3787 ut
474 3726 608 3786 scribere
624 3725 743 3805 aliquid
760 3744 907 3805 cuperem
923 3726 962 3788 de
977 3728 1195 3787 incarnatione
1213 3726 1349 3795 bomini,
1364 3732 1545 3787 versaturus
1565 3729 1684 3805 grande
1699 3743 1781 3787 onus

72 3808 222 3870 invalidis
237 3808 386 3869 humeris.
397 3807 487 3867 Circa
498 3807 581 3867 idem
595 3813 717 3885 tempus
732 3813 763 3867 et
777 3806 836 3867 boc
847 3806 934 3867 aliud
949 3806 1063 3867 accidit
1075 3825 1082 3868 :
1094 3809 1204 3868 Frater
1215 3806 1344 3884 quidam
1356 3807 1532 3867 innocentis
1548 3814 1631 3876 vitm,
1641 3811 1672 3866 at
1687 3824 1780 3866 mun·

75 3889 127 3949 dm
140 3906 177 3950 sc
185 3888 336 3968 simplicis
351 3887 571 3949 adolescentia
584 3887 689 3948 retulit
707 3885 795 3957 mihi,
810 3905 843 3947 sa
857 3886 972 3947 vidisse
988 3888 1100 3949 Filium
1115 3897 1203 3949 tuum
1219 3887 1387 3948 Dominum
1402 3894 1540 3947 nostrum
1557 3885 1664 3947 lasum
1678 3886 1782 3948 Chris-

76 3975 158 4039 tum,
174 3971 333 4032 sedentem
350 3987 445 4049 super
468 3968 569 4029 altare
583 3986 686 4040 suum,
704 3973 735 4028 et
759 3970 843 4029 circa
867 3984 938 4028 aum
965 3969 1133 4049 collegium
1160 3977 1354 4039 sanctorum,
1373 3985 1484 4046 meque
1500 3964 1689 4028 assidentem
1706 3984 1779 4028 cum

77 4048 195 4130 quiete,
210 4056 240 4111 et
255 4056 413 4110 tenentem
426 4050 555 4110 Cantica
570 4049 776 4110 canticorum.
792 4051 865 4109 llaec
877 4047 1001 4110 interim
1020 4050 1167 4111 transisse
1183 4049 1382 4120 ridebantur,
1395 4055 1425 4109 et
1436 4049 1612 4110 inveterata
1626 4048 1702 4108 mihi
1714 4053 1782 4109 erat

79 4130 232 4192 memoria
250 4131 375 4201 horum,
392 4149 462 4191 crim
480 4148 550 4191 ecce
565 4130 693 4209 quidam
711 4129 750 4190 de
773 4127 967 4190 amatoribus
982 4130 1075 4192 Verbi
1091 4131 1158 4202 Dei,
1175 4148 1213 4190 ex
1230 4137 1271 4201 te,
1296 4129 1364 4190 oli.
1382 4131 1486 4207 Virgo,
1503 4127 1670 4207 incarnati,
1693 4131 1781 4190 (luno
1899 4124 1902 4129 ’

76 4218 169 4306 pater
182 4210 318 4272 coenobii
334 4211 579 4290 sigebergensis,
597 4210 650 4289 qui
668 4227 716 4270 ma
731 4227 810 4288 pene
825 4209 996 4271 dormitare
1011 4210 1181 4282 volentem,
1198 4228 1426 4288 nonnunquam
1447 4209 1607 4280 excitavit,
1623 4216 1655 4270 et
1673 4209 1782 4270 multis

74 4291 241 4371 invigilare
256 4292 443 4371 iecitrquam
460 4293 563 4352 nescio
574 4309 629 4370 per
644 4291 839 4352 (secesionem
856 4290 1224 4371 opportuneimportuna
1241 4291 1317 4351 mibi
1333 4292 1474 4352 insistere
1490 4291 1597 4369 coepit,
1614 4295 1649 4350 ut
1663 4288 1782 4350 scribe-

76 4390 142 4434 rem
158 4371 278 4452 aliquid
296 4373 490 4451 hujusmodi,
507 4374 601 4451 quale
616 4379 663 4432 est
680 4372 750 4450 boc,
768 4372 853 4451 quod
870 4390 952 4433 nunc
969 4373 1131 4451 proposui.
1143 4372 1230 4432 'lunc
1245 4371 1373 4432 demum
1390 4370 1571 4432 recordatus
1587 4389 1654 4430 sum
1672 4387 1782 4431 eorum

81 4470 154 4531 qum
168 4471 253 4513 stunc
268 4453 343 4521 dixi,
360 4452 516 4530 simulque
531 4453 695 4532 cujusdam
713 4452 859 4531 promissi
874 4452 931 4523 tui,
946 4453 1020 4531 qula
1038 4470 1092 4532 per
1108 4452 1208 4512 risum
1229 4452 1304 4513 milii
1318 4451 1420 4513 dicere
1436 4452 1500 4512 visa
1515 4468 1567 4512 es:
1583 4449 1779 4512 Paschacum

82 4532 178 4593 beata
192 4534 345 4595 Trinitate
359 4533 466 4594 iacias.
483 4534 651 4608 Loquebar
667 4533 749 4594 enirn
775 4541 890 4605 tecum,
905 4541 938 4595 et
952 4535 1042 4594 dulce
1067 4533 1106 4594 de
1121 4534 1213 4594 beata
1227 4534 1381 4594 Trinitate
1405 4532 1559 4594 babebam
1576 4531 1782 4609 colloquium,
1873 4524 1885 4545 ⁸

80 4612 225 4674 nesciens
239 4614 323 4694 qaod
339 4615 406 4693 ipsa
421 4631 514 4675 esses.
532 4615 593 4676 Sed
611 4623 776 4692 postquam
794 4615 870 4674 illud
887 4632 924 4674 ex
941 4620 971 4674 te
986 4632 1169 4692 responsum
1186 4613 1304 4692 accepi,
1322 4620 1386 4673 tam
1408 4617 1487 4674 scire
1501 4612 1619 4675 volenti
1634 4628 1781 4690 quasnam

81 4702 165 4755 assat
179 4701 242 4755 tam
259 4702 367 4755 sancta
384 4694 507 4767 mulier,
520 4702 550 4754 et
566 4693 626 4755 hoc
642 4693 798 4772 flagitanti
812 4694 983 4755 innomine
996 4696 1151 4766 Patris,et
1165 4694 1244 4756 attii.
1256 4703 1288 4754 et
1302 4693 1437 4772 Spiritus
1451 4695 1561 4763 sancti,
1577 4692 1706 4770 teipsam
1719 4707 1786 4752 essa
1872 4756 1875 4763 ,

80 4774 304 4836 misericordiae
321 4782 451 4835 matram
468 4775 668 4836 stellantibus
680 4775 780 4836 oculis
805 4781 967 4852 gratanter
981 4774 1216 4836 demonstrasti.
1233 4776 1355 4852 Sequor
1378 4774 1519 4834 divinum
1541 4774 1740 4853 praesagium,
1759 4771 1786 4832 si

80 4854 210 4934 quando
226 4874 348 4917 merear
363 4856 467 4916 videre
483 4857 595 4918 laci-m
613 4864 712 4928 tuam,
729 4861 758 4915 et
774 4855 1019 4916 antechristum
1036 4862 1142 4917 tenere
1157 4854 1285 4916 Cantica
1300 4855 1506 4923 canticorum,
1521 4854 1614 4932 juxta
1629 4851 1715 4931 quod
1730 4869 1784 4912 ca·
1867 4922 1871 4927 ⁸

64 4936 223 4997 birunain
236 4938 357 5016 psalmo
369 4956 375 4996 :
385 4961 399 4991 (ι
408 4936 573 4999 Venientes
582 4943 686 4997 autern
699 4935 824 4995 venient
834 4953 903 4995 cum
912 4936 1298 5015 exsultationeportantes
1308 4933 1783 5014 manipulosauos(l’mt.xxvl.n

79 5016 255 5077 Dicendum
272 5019 302 5078 in
320 5018 429 5098 primis
440 5019 479 5078 de
494 5018 553 5079 isto
568 5016 745 5080 Salomonis
756 5016 835 5076 libro
850 5019 954 5095 tertio,
967 5036 1060 5096 super
1073 5035 1166 5096 quem
1180 5016 1264 5076 velut
1276 5016 1516 5076 fundamentum
1531 5013 1681 5076 aeditlcari
1693 5011 1787 5091 cupio

81 5096 250 5158 editicium
263 5097 356 5173 hujus
366 5098 513 5164 nominis,
523 5097 688 5159 sciticetda
700 5096 1060 5167 lncarnationeDomini,
1071 5115 1127 5157 cnr
1138 5104 1266 5156 vocetur
1275 5095 1403 5156 Cantica
1413 5096 1620 5173 cantieorum,
1634 5101 1664 5155 at
1676 5093 1788 5154 deinde

81 5193 138 5237 cur
148 5196 210 5239 non
222 5178 424 5257 singulariter
432 5177 659 5246 canticum,sed
673 5175 1419 5255 pluralitarCanticacanticorum.0mnequodin
1428 5176 1597 5254 Scripturis
1606 5175 1790 5237 nominatur

81 5257 388 5339 canticum,propter
398 5259 526 5336 aliquod
538 5258 731 5319 cantandum
746 5264 793 5318 est
805 5257 1283 5337 Deibertellcium,etgratiarum
1299 5257 1423 5318 actione
1438 5265 1597 5319 auctorem
1609 5273 1700 5317 snum
1715 5271 1789 5331 pru·

82 5335 174 5411 bans,
187 5341 307 5418 accepti
320 5339 460 5402 benelicii
473 5345 502 5399 et
513 5339 622 5417 gratim
638 5355 699 5397 non
722 5337 937 5401 immemorem
951 5339 1016 5400 s'tve
1034 5339 1205 5418 ingratum.
1226 5338 1306 5399 Sunt
1322 5346 1429 5399 autem
1448 5338 1479 5399 in
1497 5338 1661 5415 Scriptura
1677 5331 1790 5392 veteris

82 5410 1792 5497 instrumenticenticanotavelinsiginannmerosex,istndautemestseptimumidamquenovissimumPri·

86 5516 174 5560 mum
189 5506 237 5563 est
245 5500 489 5563 canticumltlosi
499 5500 581 5561 servi
591 5500 723 5579 Dei,pro
735 5498 791 5560 illo
802 5497 1050 5581 beneficioquod
1062 5503 1143 5562 Dens
1155 5518 1195 5579 po
1220 5497 1307 5560 ulum
1325 5518 1418 5561 suum
1433 5499 1514 5561 lilios
1526 5496 1622 5560 lsrael
1633 5491 1789 5571 liberarit,

88 5578 1178 5662 submersoPharaoneinmariRubrocumcurribuaetequitibussuis(
1209 5572 1793 5660 cod.xv).Secundnmcanticume‘us·

85 5658 158 5749 dem
168 5661 262 5737 ltlosi,
273 5662 431 5727 canticum
442 5660 688 5737 Deuteronomii,
701 5661 785 5742 quod
795 5660 922 5754 scripsit
930 5661 1107 5728 canendum
1117 5666 1183 5724 tam
1192 5676 1251 5740 pro
1260 5656 1329 5733 ltlo,
1340 5676 1438 5739 quarn
1448 5674 1506 5741 pro
1515 5653 1686 5734 cateruas
1741 5670 1809 5751 aas·
