3826 6014
152 237 211 305 30¹1
687 241 858 307 surturi
880 239 1050 304 neutris
1073 234 1305 300 TUl'l'IDNSIS.
1797 236 1857 300 308

150 391 217 432 rum
232 379 407 441 vestrorum,
421 379 450 433 et
464 377 623 435 escendere
639 377 694 434 iaci
718 376 902 450 putredinem
926 391 974 431 oa·
988 376 1016 443 Α
1033 369 1191 428 «subverti
1207 387 1258 428 ves
1279 369 1355 426 siout
1377 368 1522 427 subvertit
1544 373 1620 426 Deus
1647 370 1804 427 Sodomam
1828 377 1858 426 et

151 468 280 522 atrorum
296 469 458 521 vestrorum
476 465 506 520 in
522 482 609 522 nares
622 469 777 533 vestras,et
791 482 848 522 non
860 462 978 520 redistis
1027 460 1231 532 Gomorrham,
1248 481 1263 511 u
1277 460 1366 516 simul
1383 465 1412 515 et
1426 460 1527 516 decem
1541 460 1673 516 tribuum
1698 460 1854 531 captivits-

152 554 189 610 sd
204 569 260 619 me,
277 552 348 608 dicit
362 553 515 611 Dominus.
534 575 548 608 ι
565 556 617 612 Per
631 556 731 612 omnis
744 554 859 628 tlagella
873 558 902 610 et
918 559 977 610 tor·
1028 555 1086 607 tem
1104 554 1133 606 et
1147 550 1317 607 ludaeorum
1333 549 1511 621 praenuntiat
1532 549 1766 619 subversionem,
1791 566 1857 622 que

152 646 251 701 ments
265 643 399 700 eruditur
414 643 513 701 lsrael.
530 646 612 704 Unde
624 650 698 702 etse
719 651 850 718 tempore
865 660 923 717 quo
940 642 977 698 ab
1029 640 1170 696 nimirum
1181 638 1612 713 magisqnamdecemtrihuum
1622 637 1778 709 captivitas
1790 639 1859 695 sub·

148 733 293 805 Egyptiis
303 732 412 790 auxilia
429 735 619 807 postulabant
636 735 762 792 mittitur
777 737 808 792 in
823 751 871 792 eor
887 749 977 802 mors,
1028 725 1155 785 versioni
1170 728 1301 785 Sodomn
1316 737 1345 785 et
1359 727 1527 785 Gomorrhre
1538 727 1645 784 similis
1661 728 1857 799 exstitit,quia

149 822 180 877 ot
192 824 398 892 percutiuntur
424 823 521 896 gladio
549 825 675 896 juvenes
699 841 813 893 eorum,
835 832 864 880 et
886 837 979 894 equos
1029 817 1166 877 incendio
1181 819 1284 875 civitas
1298 818 1462 876 Jerusalem
1478 822 1539 874 tum
1556 835 1573 872 ι
1588 817 1854 890 Babyloniisquem

151 925 227 982 quos
241 911 298 968 sibi
313 921 412 968 contra
425 919 605 985 praeceptum
622 914 671 970 Dei
696 912 977 987 multiplicaverunt,
1029 924 1048 963 a
1062 908 1204 965 Romanis
1220 907 1397 980 conflagrata
1412 911 1466 964 ssi.
1483 911 1517 962 st
1527 907 1848 979 quoniumsubjungit:

152 999 308 1072 esptivitua
331 1017 408 1058 sarva
429 1002 585 1074 copulastis,
610 1007 644 1060 ut
667 1004 792 1077 putredo
816 1007 980 1059 castrorum
1031 1016 1047 1049 ι
1061 1000 1096 1052 st
1111 997 1179 1053 tacti
1194 997 1267 1053 estis
1282 996 1368 1069 qusai
1383 996 1470 1053 torris
1487 1005 1585 1066 ruptus
1600 995 1636 1050 de
1657 995 1802 1063 incendio,
1829 1002 1859 1051 et

153 1088 315 1146 viventium
344 1107 431 1148 nares
454 1091 585 1165 impleat.
614 1096 823 1150 Verumtamen
843 1090 906 1147 haeo
933 1090 980 1145 vla
1031 1093 1284 1151 noureduistisad
1301 1111 1356 1160 me,
1373 1113 1387 1146 r
1404 1092 1498 1166 megia
1518 1091 1673 1149 deultima
1697 1108 1785 1164 quam
1811 1093 1854 1150 le-

153 1179 267 1251 AEgypti
282 1184 378 1252 potest
392 1185 421 1237 et
436 1180 523 1269 altius
540 1182 675 1253 intelligi,
692 1181 825 1238 videlicet
841 1198 905 1253 que
921 1196 979 1236 nou
1032 1187 1136 1240 oeruut
1161 1184 1296 1253 Romani,
1318 1199 1408 1256 quam
1425 1184 1460 1239 de
1486 1181 1580 1255 prima
1604 1197 1656 1254 per
1679 1181 1855 1254 Babylonios

152 1277 192 1334 sit
206 1294 347 1335 excursus
363 1280 508 1351 corporis,
524 1281 574 1337 sed
593 1281 803 1353 mentis,juxta
817 1279 896 1352 quod
911 1284 939 1335 et
950 1279 980 1334 in
1031 1274 1107 1330 taeta
1122 1272 1216 1346 plucet
1230 1273 1354 1347 intelligi
1372 1272 1573 1330 subversione.
1589 1275 1660 1328 Nam
1684 1271 1734 1327 illa
1758 1272 1851 1345 itaby-

154 1365 210 1423 elio
226 1367 367 1438 prophete
382 1368 526 1426 Dominus
541 1370 632 1425 dicit:
658 1392 672 1420 ι
689 1371 725 1427 dt
740 1386 818 1426 nuno
833 1369 903 1441 quid
928 1367 980 1424 tibi
1031 1361 1127 1419 ionica
1142 1363 1332 1420 subversione
1352 1380 1409 1419 non
1433 1363 1503 1419 adso
1528 1361 1625 1418 cordis
1639 1360 1704 1416 duri
1728 1361 1859 1429 luerunt,

152 1454 198 1511 vis
215 1453 245 1511 in
256 1455 302 1512 via
315 1456 440 1530 AEgypti,
453 1463 486 1513 ut
500 1458 584 1514 bibas
596 1475 704 1532 squam
715 1457 879 1515 turbidam?
889 1478 904 1507 u
916 1457 980 1528 (ter.
1031 1452 1083 1508 sed
1100 1451 1247 1508 redieruut
1263 1461 1359 1508 mente
1374 1454 1410 1509 ad
1435 1451 1601 1519 Dominum,
1618 1450 1661 1506 itu
1676 1457 1704 1505 ut
1731 1466 1783 1522 per
1808 1467 1860 1506 an·

155 1545 201 1614 tr.)
216 1544 368 1616 Djusmodi
383 1545 459 1603 vium
474 1547 599 1620 AEgypti,
615 1564 678 1621 qum
700 1547 843 1612 videlicet,
865 1550 897 1601 ut
917 1546 980 1617 jam
1032 1557 1085 1598 nos
1100 1542 1285 1613 septuaginta
1299 1558 1419 1615 corpore
1435 1545 1615 1598 mererentur
1636 1541 1731 1596 redire
1756 1538 1784 1594 in
1808 1538 1853 1595 lo·

156 1630 339 1701 dictumest,
357 1649 414 1690 non
431 1634 561 1707 corporis
575 1639 629 1704 est,
646 1635 698 1692 sed
713 1634 820 1690 mentis
839 1633 983 1690 Dominus
1032 1646 1097 1686 oum
1115 1646 1225 1699 suum;
1242 1630 1404 1703 postistuur
1420 1646 1486 1687 vero
1502 1647 1566 1703 qua
1582 1646 1599 1684 a
1613 1629 1755 1686 Romanis
1778 1628 1856 1686 lacta

156 1720 340 1794 perllepsen
366 1722 516 1780 interdixit
539 1724 587 1780 his
610 1725 730 1781 verbis:
755 1722 849 1782 «Non
873 1721 1080 1811 poterisBest
1104 1723 1134 1777 in
1160 1721 1363 1779 incredulitate
1387 1725 1416 1778 st
1440 1720 1548 1777 duritie
1570 1721 1666 1776 cordis
1690 1719 1859 1792 persistunt.

155 1807 276 1866 alterius
288 1811 382 1881 gentis
395 1811 546 1870 hominem
563 1829 660 1886 regern
674 1813 779 1880 faeere,
802 1814 926 1885 quinon
945 1810 983 1867 sit
1035 1814 1071 1868 st
1086 1809 1153 1883 quia
1168 1826 1226 1866 non
1247 1810 1379 1877 miretur,
1403 1825 1489 1882 quam
1515 1824 1644 1881 congrua
1667 1806 1862 1865 similitudine

153 1899 242 1957 trater
256 1903 334 1958 tuus.
351 1905 484 1975 cumque
500 1904 589 1961 tuerit
604 1904 794 1970 constitutus,
819 1919 879 1959 uon
904 1901 981 1958 mul·
1036 1898 1165 1956 devorati
1190 1908 1269 1956 snut.
1294 1899 1403 1955 «Facti
1428 1899 1510 1971 eatis,
1531 1897 1638 1970 inquit,
1664 1896 1749 1969 qussi
1772 1897 1861 1953 torris

153 1985 299 2061 tlplicabit
313 1989 370 2046 sibi
388 2008 490 2063 equos,
517 2009 611 2062 nepus
635 1994 755 2049 reducet
781 1991 921 2064 populum
952 1990 982 2046 in
1037 1995 1139 2063 raptus
1155 1991 1190 2047 de
1206 1990 1353 2047 incendio.
1372 2012 1382 2040 ι
1405 1988 1518 2045 Etenim
1543 1988 1622 2044 sieut
1643 1987 1731 2043 torris
1756 1987 1792 2042 de
1815 1987 1862 2042 in·

152 2074 307 2148 AEgpptum
322 2078 476 2155 equitatus
488 2096 610 2137 numero
621 2080 803 2145 sublevatus,
819 2079 982 2151 presertim
1037 2080 1139 2137 cendio
1153 2085 1256 2152 raptus
1272 2079 1427 2136 manifesto
1442 2079 1527 2152 signo
1542 2079 1726 2134 demonstrat
1741 2076 1770 2132 id
1783 2076 1862 2148 quod

155 2180 222 2221 oum
240 2167 384 2225 Dominus
399 2171 570 2242 preceperit
584 2170 664 2226 robis
681 2175 714 2226 ut
728 2184 984 2243 nequaquamam·
1037 2175 1092 2241 est,
1114 2169 1227 2227 scilicet
1251 2171 1287 2227 de
1311 2171 1446 2227 incendio
1466 2185 1497 2228 se
1524 2184 1589 2226 esse
1615 2173 1742 2240 raptum,
1768 2182 1864 2240 nequa

155 2253 234 2327 D¹5⁰⁸
250 2273 303 2328 W
318 2259 450 2315 ssflffldffll
468 2260 543 2316 illm
559 2260 744 2316 reverimini
759 2261 849 2332 (Dm
874 2259 983 2329 ¹V¹¹i·‘
1038 2269 1168 2328 dubitari
1182 2273 1234 2326 aut
1258 2268 1441 2326 dissimulari
1468 2276 1562 2342 potest
1587 2267 1659 2340 quin
1683 2265 1797 2334 arserit,
1825 2266 1866 2322 ita

154 2343 301 2403 Nimirum
316 2348 419 2405 statim
436 2348 700 2407 utconstituerunt
717 2365 806 2421 super
829 2365 860 2405 se
885 2364 983 2421 regem
1037 2357 1130 2414 Judaei
1159 2357 1188 2413 in
1218 2373 1322 2413 omnes
1347 2361 1448 2428 gentes
1481 2354 1588 2428 captivi
1625 2370 1682 2409 non
1711 2353 1782 2408 sinit
1814 2369 1864 2409 eos

155 2432 311 2491 J⁰f⁰b⁰⁸m
337 2435 431 2494 fillum
456 2437 591 2509 {Nssb0lhs
616 2438 665 2495 5¹¹0
688 2439 840 2512 e‘institui
862 2453 985 2494 numm
1039 2446 1368 2521 oblivisciqualitervel
1384 2463 1473 2519 quum
1490 2445 1526 2502 ob
1550 2461 1670 2502 causum
1695 2444 1772 2500 Deus
1797 2442 1864 2499 illos

156 2521 328 2582 sublevatus
340 2527 441 2599 (super
455 2526 557 2601 plures
572 2529 650 2586 enim
663 2544 752 2602 quam
766 2528 872 2584 domus
882 2525 984 2598 David,
1039 2537 1225 2604 subverterit,
1241 2553 1293 2592 nec
1306 2536 1414 2591 mirum
1440 2542 1488 2591 aut
1513 2534 1657 2606 injustum
1683 2533 1760 2606 quod
1785 2534 1865 2589 siout

156 2618 187 2675 ld
203 2623 987 2700 estsuperdecemtribueregnavit)populumreduxit
1038 2628 1201 2683 Sodomaet
1217 2624 1379 2682 Gomorrha
1405 2627 1473 2681 sunt
1496 2624 1640 2694 subversi,
1663 2623 1732 2696 quia
1757 2621 1864 2678 videli-

154 2706 184 2764 in
198 2709 368 2784 AEgyptum,
385 2715 435 2772 sed
458 2731 515 2772 non
532 2715 984 2787 pedihuseundoinAEgyprum
1039 2720 1084 2773 cet
1100 2715 1243 2788 iniquitas
1265 2730 1367 2771 eorum
1392 2718 1511 2786 peccato
1536 2712 1669 2768 Sodomae
1694 2715 1724 2768 et
1748 2710 1868 2767 Gomon

154 2792 799 2860 laciendovitulosaureossecundummorem
807 2801 983 2875 AEgpptium.
1039 2806 1099 2861 rhe
1115 2804 1211 2876 maj0r
1225 2803 1372 2873 exstititit,
1387 2807 1512 2860 testante
1525 2801 1664 2868 ieremia,
1680 2817 1747 2857 cum
1773 2799 1864 2857 dicit:

189 2887 284 2961 Igitur
298 2891 387 2946 stubi
401 2891 475 2948 dixit
490 2893 596 2966 primo,
613 2916 628 2944 ιι
645 2909 699 2966 ego
719 2892 787 2949 dedi
814 2891 896 2947 vohis
921 2899 985 2947 stu·
1041 2894 1104 2950 altr
1120 2893 1212 2964 mrJor
1232 2893 1334 2949 effecta
1357 2897 1401 2948 est
1423 2892 1563 2963 iniquitas
1586 2889 1652 2947 tlliae
1677 2887 1777 2963 populi
1808 2888 1866 2944 mei

154 2979 779 3051 poremdantium,»etdeindeubidirit,
803 2996 887 3054 uago
912 2996 985 3053 quo·
1040 2989 1157 3056 peccalo
1188 2983 1382 3039 Sodomorum
1409 2998 1473 3053 que
1510 2980 1650 3037 subversa
1674 2977 1776 3047 [estin
1802 2993 1867 3033 mo-

154 3082 213 3140 que
233 3068 370 3138 prohibui
399 3087 417 3126 a
441 3071 525 3128 vobis
555 3072 693 3138 imbrem,
720 3095 730 3121 ι
758 3075 877 3127 etcum
900 3069 983 3138 dicit,
1040 3083 1138 3131 mento
1165 3072 1272 3146 (Three.
1302 3075 1351 3141 ιι).
1376 3093 1390 3122 »
1412 3071 1485 3127 Nam
1507 3070 1584 3141 quod
1609 3085 1676 3126 vera
1703 3070 1798 3139 major
1821 3067 1865 3123 et-

154 3175 169 3206 «
184 3157 316 3226 percussi
339 3174 390 3214 vos
411 3157 443 3215 in
467 3165 551 3216 vento
576 3168 689 3227 urente,
705 3181 719 3212 u
737 3176 794 3216 non
820 3159 981 3230 incongrue
1037 3163 1162 3219 fecissit
1177 3161 1320 3234 iniquitas
1335 3160 1502 3217 Judaeorum
1519 3174 1609 3232 quam
1636 3157 1767 3215 Sodomae
1792 3172 1861 3228 peo-

153 3243 345 3315 subauditur,
363 3267 378 3297 ι
393 3246 424 3302 in
439 3248 627 3322 viadtgypti,
650 3270 665 3299 u
681 3266 770 3322 quam
787 3247 836 3304 hio
862 3247 980 3304 tendem
1036 3257 1146 3322 natum,
1172 3252 1275 3324 probet
1298 3249 1514 3322 subjungendo,
1544 3271 1559 3298 ιι
1581 3257 1611 3304 et
1634 3264 1692 3303 uon
1716 3253 1866 3318 eoeperunt

151 3331 306 3402 expressit,
336 3335 587 3402 dicendo,smiai
611 3337 640 3393 in
666 3354 715 3394 vos
738 3341 862 3393 mortem
884 3336 913 3391 in
935 3334 983 3390 via
1037 3339 1476 3411 tueamnnuslitrd.).u0uid
1502 3335 1579 3393 enim
1605 3336 1751 3408 estquod
1783 3335 1863 3402 dicit,

150 3419 278 3492 egypti,
300 3442 315 3472 ”
333 3421 363 3479 id
388 3429 434 3480 0⁸l
465 3431 584 3498 propiet
608 3425 686 3482 vitm
712 3425 836 3500 AEgypii.
866 3429 984 3498 propiet
1023 3432 1416 3503 ·«etncnoeperuntinee
1438 3429 1600 3485 manunt»
1618 3426 1757 3500 Legimus
1785 3426 1863 3498 quod

160 3510 454 3581 D⁰⁰⁰⁸¹⁸J0f⁰b⁰⁸m2
470 3514 521 3587 (lui
535 3531 654 3588 P⁰⁰⁰⁸l⁰
670 3517 736 3572 ῐθΰῑῐ
751 3515 852 3584 ῙΒΜΘΙ,
868 3518 900 3570 ut
915 3529 981 3569 eum
1037 3522 1068 3578 in
1084 3539 1128 3592 ea,
1148 3521 1219 3578 dum
1248 3521 1325 3592 apud
1349 3520 1420 3575 Loth
1443 3520 1560 3591 justum
1585 3517 1785 3589 hospitaretur
1806 3513 1864 3571 Do-

160 3597 288 3655 similem
302 3601 566 3677 laceretAEgypliis
581 3605 611 3661 iu
627 3606 758 3663 colendis
773 3605 883 3674 vitulis,
907 3603 985 3660 siout
1038 3611 1148 3680 minus,
1175 3608 1385 3666 «vallaverunt
1408 3610 1529 3665 domurn
1553 3624 1571 3663 a
1595 3622 1684 3679 puero
1711 3620 1804 3675 usque
1827 3603 1863 3659 ad

153 3686 359 3762 jamdictum,
390 3696 553 3752 secundum
582 3712 693 3753 morem
720 3695 847 3769 AEgypti.
869 3695 983 3752 Etenim
1038 3716 1138 3758 senem
1154 3699 1251 3756 omnis
1270 3697 1397 3771 populus
1418 3696 1520 3764 simul,
1546 3700 1576 3753 et
1598 3695 1753 3751 dixerunt:
1782 3692 1863 3748 Educ

157 3781 507 3849 proptercausamillam
523 3783 872 3841 malsomnlavencrunt
895 3799 984 3856 super
1038 3789 1095 3845 hue
1123 3789 1213 3856 viros,
1242 3792 1274 3843 ut
1301 3803 1515 3860 cognoscamus
1550 3802 1600 3842 eos
1626 3788 1706 3855 (Gen.
1749 3785 1817 3849 xix).
1847 3803 1862 3832 u

153 3873 300 3940 0⁰³›ssqtlffi
325 3870 370 3926 ¹¹5⁰
400 3889 431 3928 ιθ
448 3874 563 3944 ,secisse
590 3873 732 3930 Dominus
760 3877 983 3939 commemorat·
1038 3876 1407 3952 Maguainiquitas,sed«
1424 3893 1482 3932 non
1511 3878 1652 3948 ceperunt
1681 3874 1710 3929 in
1737 3887 1772 3928 ea
1801 3887 1864 3927 mu·

156 3953 317 4012 intentione
340 3960 512 4032 corrigendi.
538 3985 552 4015 u
570 3963 604 4019 lit
626 3979 683 4020 nen
714 3961 846 4026 redistis,
873 3960 982 4032 iuquit,
1038 3984 1105 4033 nus,
1122 3967 1175 4022 »id
1191 3971 1237 4022 est
1251 3983 1308 4021 non
1325 3981 1418 4036 usque
1448 3966 1484 4021 ad
1509 3965 1643 4020 ellectum
1669 3961 1765 4034 operis
1795 3976 1864 4031 pro-

155 4042 193 4096 Μ
207 4057 262 4111 ¹1¹⁰·
280 4063 458 4119 »nunquam
482 4052 561 4109 enim
586 4050 694 4108 vitulos
717 4049 835 4107 eosdem
857 4048 983 4122 relique·
1040 4070 1173 4129 gressum
1189 4061 1243 4110 est.
1267 4053 1409 4126 Iniquitus
1433 4057 1531 4109 sutem
1557 4051 1727 4108 Judaeorum
1752 4064 1864 4120 quous-

158 4134 238 4199 runt,
262 4134 421 4204 cujuslibet
455 4139 525 4195 mali
556 4141 617 4197 sive
655 4139 823 4196 afflictionis
851 4137 984 4211 oppressi
1038 4170 1096 4227 que
1120 4168 1276 4227 progressa
1299 4151 1370 4210 esp?
1392 4153 1465 4209 eum
1491 4150 1689 4224 hospitaretur
1723 4147 1753 4203 jn
1778 4147 1865 4202 seru.

157 4229 372 4300 maguitudine.
387 4238 545 4307 Sequitur:
563 4259 578 4289 u
594 4238 729 4294 subverti
745 4255 796 4294 vos
811 4236 888 4294 sicut
912 4235 991 4291 sub·‘
1039 4241 1143 4311 salem,
1162 4247 1191 4300 er
1218 4241 1328 4316 pascha
1354 4241 1531 4298 celebrasset
1557 4238 1712 4306 Dominus,
1740 4235 1864 4291 partuve.

156 4319 243 4376 vertit
255 4325 333 4378 Deua
349 4323 508 4382 Sodomam
523 4332 552 4382 et
566 4327 772 4396 Gomorrhnm,
787 4335 814 4383 et
829 4327 896 4383 lecti
912 4325 1004 4383 estis
1038 4336 1108 4387 runt
1125 4347 1192 4388 eum
1214 4337 1354 4388 exeuntes
1383 4346 1449 4387 cum
1478 4329 1585 4402 gladiis
1613 4336 1639 4383 st
1670 4325 1805 4390 fustibus,
1835 4327 1865 4380 et

157 4409 243 4480 quasi
260 4411 348 4467 turris
364 4419 467 4485 raptus
483 4414 519 4471 de
534 4415 679 4484 incendio,
695 4421 724 4473 et
740 4433 797 4473 non
814 4414 931 4472 redistis
945 4415 981 4471 sd
1038 4422 1223 4494 eapernntin
1252 4437 1286 4478 sn
1316 4437 1434 4492 manua,
1460 4418 1596 4476 videlicet
1623 4431 1689 4474 euru
1717 4430 1805 4486 quem
1832 4413 1863 4468 iu

156 4510 216 4568 me,
230 4498 302 4555 dicit
324 4501 479 4559 Dominus.
505 4505 688 4576 Quapropter
711 4504 765 4561 boo
787 4505 840 4561 tihi
867 4484 1163 4568 saciamflspdoma
1192 4527 1248 4567 non
1277 4515 1429 4584 coepernnt
1457 4525 1586 4566 manus:
1615 4509 1776 4579 ,ceperunt
1815 4503 1864 4558 in·

155 4580 254 4641 lsrael.
273 4606 285 4637 ι
303 4589 606 4665 Anteillsprophste
630 4593 721 4665 hujus
746 4599 880 4666 tempore
906 4590 980 4649 nihil
1035 4616 1135 4674 quum,
1162 4600 1458 4672 comprehenderunt,
1492 4598 1661 4664 illuserunt,
1696 4592 1863 4667 llagellave-

154 4669 214 4730 tsle
236 4672 279 4730 illi
302 4677 408 4750 pupulo
434 4685 699 4756 euenerat,}quare
723 4684 779 4739 luit
799 4681 871 4738 illud
902 4680 980 4753 quod
1035 4694 1114 4759 runt,
1144 4689 1323 4747 oeciderunt.
1364 4689 1455 4763 Igitur
1489 4690 1553 4760 jure
1582 4686 1659 4743 sicul
1679 4689 1708 4743 cl
1735 4683 1864 4740 Sodoma

159 4763 887 4828 rsedomametGomorrhamsubvertitDeus.»
906 4770 981 4842 llrgo
1035 4778 1182 4836 submersi
1208 4784 1289 4849 sunt,
1321 4779 1376 4835 nisi
1407 4778 1485 4853 quod
1516 4793 1584 4849 pars
1610 4791 1722 4844 sorum,
1743 4771 1862 4844 «quasi

157 4853 292 4923 quamvis
306 4857 454 4927 preterito
470 4864 601 4932 tempure
616 4860 702 4926 dicat,
716 4884 731 4912 ιι
748 4858 876 4916 subverti
891 4874 978 4926 vos,·
1033 4868 1122 4926 turpis
1148 4872 1251 4941 raptus
1274 4868 1310 4924 de
1332 4868 1478 4939 inpendio,
1506 4889 1521 4918 »
1546 4864 1703 4938 superfuit,
1728 4862 1806 4936 quod
1833 4861 1862 4916 in

62 4966 66 4973 ·
156 4938 193 4994 de
208 4940 644 5018 iuturoiutelligendumestao
659 4949 683 5004 si
704 4949 791 5018 dicat,
815 4949 980 5005 subvertam
1034 4974 1068 5016 00
1092 4959 1169 5016 vulg
1193 4964 1225 5016 up
1248 4957 1392 5015 celebrior
1415 4974 1468 5030 per
1490 4961 1582 5014 popum
1607 4955 1708 5011 orbem
1732 4954 1771 5009 ,η
1796 4966 1862 5007 me.

155 5042 217 5085 vos.
234 5029 540 5108 lluceuimprophetis
553 5037 794 5096 uoninusitatum
808 5044 853 5095 est
868 5043 900 5094 ut
912 5054 982 5109 pre-
1035 5049 1127 5105 morta
1152 5048 1270 5115 emti,
1297 5049 1422 5104 maxim„
1454 5062 1490 5102 01
1520 5048 1711 5101 monumento
1740 5041 1861 5098 comba.

154 5116 233 5173 lariti
250 5123 390 5194 temporis
405 5126 491 5182 verba
507 5129 684 5185 annuntient
697 5136 837 5186 ventures
850 5144 906 5184 res.
923 5127 981 5184 Nec
1034 5137 1137 5193 ationis
1160 5136 1317 5208 ejusmodi,
1347 5136 1463 5193 cunctis
1499 5134 1707 5191 commendata
1730 5129 1861 5204 populis,

152 5220 219 5306 vcro
234 5206 357 5267 dubiam
373 5214 443 5283 quin
461 5217 561 5273 dacem
573 5218 703 5274 tribuum
718 5221 880 5291 previdens
891 5221 980 5292 cepti·
1029 5227 1210 5308 juxtaillum
1221 5228 1284 5300 jam
1301 5229 1436 5300 superius
1455 5234 1649 5283 memoratum
1678 5221 1859 5280 versiculum

152 5301 280 5365 vitatem,
298 5299 380 5357 tuda
395 5319 510 5375 quoque
528 5306 589 5362 sive
602 5307 792 5382 ierosolymis
816 5312 981 5384 previderit
1034 5316 1160 5389 psalmi:
1191 5339 1205 5368 u
1230 5322 1306 5374 Deus
1340 5315 1466 5374 ostendit
1503 5315 1575 5372 ruihi
1605 5331 1694 5385 super
1724 5311 1860 5369 inimicos

154 5385 387 5456 subversionem,
404 5394 566 5464 presertim
591 5413 659 5452 cum
685 5400 874 5470 postmodum
901 5402 980 5459 dicat
1035 5421 1126 5474 meos,
1143 5420 1178 5460 ne
1200 5405 1317 5462 occidas
1344 5421 1404 5474 eos,
1438 5419 1475 5460 ne
1503 5404 1621 5476 quando
1649 5401 1862 5459 obliviscantur

153 5466 237 5572 ipse:
254 5498 268 5526 u
281 5477 328 5533 Va
340 5479 389 5550 qui
406 5480 536 5552 opulenti
552 5485 624 5552 eatis
639 5485 668 5541 in
683 5487 764 5555 Sion,
786 5497 814 5546 et
832 5489 993 5549 confiditis.
1033 5494 1133 5567 populi
1150 5494 1218 5551 mei.
1244 5494 1381 5567 Disperge
1406 5490 1473 5549 illos
1496 5493 1528 5549 in
1555 5493 1663 5548 virtute
1691 5494 1743 5546 tua
1769 5487 1859 5560 (Puni.

154 5578 187 5618 ru
202 5572 302 5623 moute
320 5569 457 5624 Samariae
481 5568 553 5643 (Ore.
581 5573 629 5644 vr).
655 5595 669 5625 u
695 5577 767 5633 Cum
798 5595 867 5652 ergo
890 5577 978 5650 dicat,
1034 5591 1121 5656 ινιιι).
1139 5605 1153 5634 u
1169 5583 1250 5652 Quod
1267 5583 1372 5640 deinde
1386 5581 1551 5655 subjungit,
1567 5604 1582 5634 «
1596 5583 1775 5655 quapropter
1802 5575 1859 5632 hoc
