3826 6014
176 197 253 257 1155
732 183 909 248 RUPERTI
930 179 1098 240 austras
1120 136 1352 242 Tttttlttrtste
1811 182 1888 246 lldll

174 349 240 393 sua,
257 355 269 379 a
281 328 310 384 id
326 332 381 392 est,
394 344 410 382 a
424 327 440 382 J
446 324 536 380 udaia
552 322 602 379 iiia
618 323 652 378 de
667 337 725 394 qua
735 316 911 391 superbiunt
925 314 998 386 legis
1017 320 1043 387 Α
1059 313 1245 388 signaculum
1263 316 1339 385 iecit,
1357 317 1672 376 reverteturinterram
1688 319 1727 375 de
1738 336 1885 391 quaeum·

173 421 305 488 scientia,
320 438 332 463 a
348 422 377 473 et
392 415 545 472 brachium
558 412 704 469 excelsum
718 409 927 479 confringetur,
941 434 953 459 e
967 406 995 460 id
1049 411 1117 477 ptus
1133 410 1179 461 est
1195 404 1278 477 (Gen.
1293 407 1349 479 ut),
1365 431 1379 459 o
1394 414 1422 463 et
1437 408 1527 464 stabit
1538 408 1615 464 sicut
1628 409 1853 479 vestimentum,
1869 434 1883 461 u

173 519 228 579 est,
241 509 367 581 superba
391 506 463 577 legis
491 505 619 574 operatio
653 501 868 573 reprobabitur,
883 496 997 552 dicente
1050 494 1079 549 id
1096 501 1151 560 est,
1169 497 1314 567 usquead
1331 498 1552 554 resurrectionis
1568 505 1684 570 tempus
1699 500 1789 554 inane
1806 516 1876 556 exu-

176 601 275 669 l’auio,
292 600 361 669 quia
383 615 440 654 sex
464 597 603 668 operibus
627 595 698 664 legis
714 609 770 646 nou
783 587 997 661 justificabitur
1050 593 1169 659 tumque
1182 587 1476 659 perdurabitcorpus,
1488 606 1545 660 quo
1558 590 1641 661 quusi
1655 591 1786 662 quodam
1801 592 1879 650 invo-

174 707 348 748 omnrscuro
360 690 446 760 (idom.
458 689 530 758 vrri.»
543 675 994 752 Momcrroanttunquiupnit,
1048 674 1141 744 lucro,
1159 677 1229 732 dum
1245 677 1325 740 vivit,
1342 677 1465 749 spiritus
1481 678 1624 734 induitur.
1641 679 1698 736 Sed
1719 681 1781 736 uso
1793 699 1875 753 poena

64 760 73 775 μ
174 779 318 837 «tenuisti
326 778 753 840 concutiensextrematerrae,u
763 764 994 839 idest‚nunquid
1048 767 1183 837 superbis
1199 772 1227 821 et
1241 766 1405 822 humilibus
1420 769 1584 824 communis
1599 772 1655 824 est.
1671 770 1873 841 Speciaiisau·

172 876 205 927 tu
216 870 292 926 siout
309 885 362 942 ego
379 866 508 924 tenebris
522 865 627 920 ultima
640 869 773 935 tempora
787 857 922 915 Ecclesia
938 854 994 911 sub
1048 861 1105 911 tem
1123 855 1355 929 superbientium
1372 874 1457 928 praua
1472 857 1533 914 bec
1558 864 1620 914 est:
1638 881 1652 910 «
1674 860 1842 930 Auferetur,
1857 884 1870 912 s

172 959 342 1016 Antichristi
360 957 561 1029 persecutione
577 974 590 1005 o
606 951 809 1011 concutiens.»
822 948 851 1004 id
866 953 921 1015 est,
938 945 995 1000 im·
1045 945 1153 1018 inquit,
1170 968 1184 996 u
1195 945 1232 1001 ab
1243 945 1343 1018 impiis
1354 946 1404 1002 lua
1416 963 1479 1018 aua,
1493 969 1507 996 u
1523 947 1551 1002 id
1566 952 1620 1015 est,
1634 948 1697 1005 vite
1714 951 1865 1021 praesentis

172 1049 344 1106 manissime
359 1046 470 1103 turbari
488 1044 709 1116 permittens,et
721 1039 850 1097 excuties
860 1055 873 1082 »
887 1035 993 1108 impios
1046 1037 1148 1109 gioria.
1166 1061 1179 1087 «
1196 1038 1363 1107 laularetur,
1377 1038 1536 1110 uinquam,
1553 1038 1665 1095 scilicet
1680 1055 1733 1112 per
1747 1046 1867 1096 mortem

170 1161 205 1200 ex
220 1159 265 1213 ea,
280 1170 292 1194 a
310 1141 401 1204 idest,
413 1139 443 1193 in
459 1135 662 1193 infidelitatem
678 1136 779 1189 cadere
791 1129 941 1202 permittes
956 1125 992 1182 ab
1046 1130 1225 1200 carnisque
1237 1128 1344 1184 eiectos
1355 1144 1411 1184 sue
1428 1127 1497 1196 luci,
1509 1128 1641 1184 videlieet
1657 1131 1871 1195 eterne,resti·

169 1231 299 1290 Ecclesia
310 1229 465 1302 quosdam,
475 1225 524 1298 qui
536 1244 549 1270 a
564 1224 739 1281 confitentur
750 1237 781 1276 se
790 1234 877 1276 nosse
887 1216 992 1284 Deum,
1044 1217 1144 1285 tuit‚et
1155 1217 1287 1290 reprobis
1298 1217 1393 1274 lucem
1405 1235 1501 1287 suam,
1515 1217 1627 1275 scilicet
1639 1224 1814 1288 presentem
1828 1218 1865 1276 tol

169 1322 256 1378 lactis
278 1326 375 1375 autem
392 1319 501 1388 negant
513 1314 576 1384 (lit.
593 1317 624 1383 t),
652 1333 666 1363 »
682 1316 715 1369 ut
734 1327 805 1366 aura
821 1304 992 1363 tentationis
1044 1305 1087 1362 lit.
1107 1328 1118 1355 ι
1141 1306 1175 1362 bt
1188 1306 1342 1362 brachium
1355 1309 1502 1363 excelsum
1515 1308 1728 1375 confringetur.
1745 1330 1759 1358 »
1772 1309 1869 1376 idest,

147 1395 992 1476 'cerumoventeinacervumpalearumtranseantiSicqua
1045 1393 1192 1451 celsitudo
1208 1396 1304 1452 cordia
1328 1401 1429 1452 contra
1445 1401 1555 1452 nature
1580 1397 1715 1453 ordinem
1735 1397 1870 1455 violenter

170 1497 484 1572 liatquodsequitur.«
502 1494 685 1549 Restituetur
701 1497 732 1545 ut
744 1490 840 1545 lutum
856 1488 991 1559 signacu·
1044 1485 1163 1554 abrepta
1173 1484 1278 1541 divine
1291 1485 1414 1554 justitie
1427 1485 1504 1542 mole
1521 1487 1707 1559 opprimente
1717 1486 1870 1558 dissipabi-

169 1589 244 1655 lum,
261 1609 275 1638 »
299 1588 328 1642 id
344 1592 400 1654 est,
416 1584 467 1658 qui
490 1599 568 1639 nunc
581 1582 716 1638 videntur
729 1579 760 1635 iu
775 1576 911 1634 Ecclesia
925 1574 992 1630 sinu
1044 1579 1104 1631 tur.
1123 1574 1158 1629 Et
1172 1574 1240 1644 quia
1256 1572 1356 1630 nulius
1368 1575 1520 1631 bominum
1532 1575 1602 1647 quid
1614 1581 1681 1648 post
1692 1581 1817 1633 mortem
1828 1592 1869 1632 ee·

170 1656 992 1744 pertidemessesiguaculum,tuncauteoculosomnium
1048 1667 1186 1735 queratur
1210 1669 1392 1736 agnosceret,
1411 1664 1469 1720 nisi
1488 1664 1552 1720 vite
1576 1666 1767 1722 Conditorem
1793 1682 1868 1723 mor.

168 1760 361 1816 restituentur
371 1761 403 1812 ul
413 1757 518 1822 lutum,
533 1755 603 1826 quia
612 1751 704 1824 iniqui
712 1768 776 1809 esse
785 1749 935 1824 patebunt.
946 1748 995 1800 So·
1048 1759 1107 1810 tem
1124 1769 1216 1825 usque
1231 1754 1351 1821 veniret,
1369 1755 1503 1827 provinus
1518 1755 1672 1828 adjungit:

166 1849 207 1906 let
222 1849 301 1905 enim
318 1846 469 1917 Scriptura
485 1860 567 1901 sacra
589 1859 641 1916 pro
665 1842 722 1898 lide
735 1839 882 1914 appellare
897 1838 997 1910 sigua·
1082 1842 1168 1899 Vana.
1185 1844 1226 1898 ld.
1252 1874 1286 1882 —
1311 1866 1324 1893 a
1352 1843 1490 1916 Nunquid
1508 1845 1660 1915 ingressus
1674 1861 1707 1901 es
1725 1845 1868 1918 profunda

168 1939 281 2004 cuium,
292 1954 343 2010 pro
357 1935 511 2008 iniquitate
528 1935 632 1990 lutum.
645 1960 658 1986 a
669 1932 703 1987 at
716 1930 806 1988 stabit
817 1931 894 1987 sicut
910 1931 995 1988 vesti·
1048 1932 1149 1988 maris.
1165 1956 1180 1984 s
1193 1933 1322 1988 Subaudi
1341 1939 1371 1989 ut
1384 1950 1449 2005 ego,
1462 1933 1513 2005 qui
1530 1951 1587 1989 uon
1603 1933 1699 1990 solum
1718 1952 1799 1992 mare
1814 1936 1865 1991 bu-

168 2034 312 2095 mentum,
328 2049 341 2075 v
354 2027 381 2081 ld
392 2025 616 2094 est,conlractns
632 2021 861 2094 atqusabJ‘ectus
871 2020 994 2091 jacebit.
1042 2021 1092 2094 jue
1108 2021 1218 2090 seculi,
1235 2022 1286 2078 sed
1302 2027 1331 2078 et
1345 2023 1524 2094 protundum
1544 2023 1635 2079 maris
1650 2023 1794 2095 hujus,id
1813 2031 1864 2093 eet,

166 2119 247 2173 Sicut
257 2117 345 2173 vestis
360 2132 424 2188 quas
439 2114 543 2170 induta
557 2126 726 2185 percorpus
741 2108 880 2178 tenditur,
906 2114 995 2167 exuta
1043 2107 1151 2167 interni
1166 2111 1292 2167 claustra
1307 2112 1465 2183 penetravi,
1481 2117 1510 2168 et
1525 2134 1540 2164 «
1557 2113 1652 2185 posui,
1669 2134 1684 2163 s
1701 2118 1735 2170 ut
1749 2115 1791 2170 ait
1806 2131 1866 2187 pro

167 2224 235 2263 vero
249 2198 697 2279 frangituretcomplicatur.Vel
708 2199 748 2254 ita
763 2215 769 2252 :
786 2197 994 2256 «Stabitsicut
1045 2200 1144 2273 pheta,
1159 2223 1172 2251 a
1189 2201 1368 2272 protundum
1383 2201 1471 2258 rueris
1482 2206 1569 2269 viam,
1585 2206 1616 2257 ut
1629 2205 1791 2259 transirent
1801 2205 1865 2262 libe·

165 2296 385 2361 vestimentum,
399 2314 413 2344 u
439 2293 467 2347 iri
480 2295 535 2359 est,
547 2289 626 2346 hrcvi
650 2285 819 2359 perdurabit
829 2285 858 2340 in
869 2285 924 2340 hac
933 2289 993 2344 vita
1044 2290 1110 2357 rati,
1127 2291 1191 2362 (iso.
1209 2294 1255 2359 aa),
1272 2314 1286 2340 »
1302 2291 1377 2349 eut
1396 2290 1508 2347 scilicet
1522 2308 1624 2348 omnes
1639 2291 1748 2349 electi?
1763 2318 1777 2344 a
1795 2295 1864 2352 tutin

168 2402 255 2458 quam
265 2380 541 2454 diligit.Brevienim
556 2373 992 2450 perduratvestimentum.Uu·
1044 2381 1222 2448 novissimis,
1233 2380 1339 2452 iuquit,
1353 2380 1451 2452 abyssi
1463 2381 1675 2450 deambulasti,
1688 2404 1700 2434 ι
1715 2384 1745 2438 id
1755 2389 1810 2450 est,
1822 2384 1865 2441 in-

166 2478 202 2534 de
216 2476 412 2548 scriptumest
425 2490 453 2529 :¹1
468 2470 576 2527 Omnes
586 2466 992 2524 sicutvestimentumvetera-
1043 2475 1088 2526 ter
1108 2477 1238 2527 mortuos
1259 2470 1332 2526 iiber
1351 2471 1480 2527 existens
1496 2471 1581 2541 (Posi.
1599 2478 1735 2541 mauu),
1748 2473 1865 2545 insuper

167 2571 258 2632 scant,
270 2570 299 2621 et
310 2563 387 2618 sicut
400 2558 578 2632 opertorium
591 2557 720 2614 mutabis
732 2572 781 2612 eos
792 2561 821 2611 et
831 2556 991 2612 mutabun-
1042 2565 1070 2615 et
1082 2559 1154 2615 aiios
1168 2559 1318 2615 absolvisti
1331 2577 1347 2613 a
1359 2559 1484 2614 vinculis
1497 2559 1631 2631 peccati?
1642 2564 1737 2627 Quam
1747 2564 1862 2618 descen·

164 2654 401 2728 tartaraeos.»
423 2651 506 2707 Nunc
527 2649 624 2706 verbis
643 2646 837 2719 apertioribus
859 2646 990 2704 subdens
1042 2648 1153 2704 sionem
1171 2665 1253 2703 suam
1272 2652 1382 2719 quanto
1394 2647 1559 2704 mirabilem
1571 2650 1786 2721 respicit,tanto
1802 2668 1862 2709 sam

163 2746 199 2803 ds
214 2744 344 2801 eisdem:
362 2765 376 2794 a
393 2742 587 2805 Auferamus
611 2737 717 2810 iuquit,
730 2760 743 2787 a
763 2737 799 2793 ab
823 2735 922 2808 impiis
937 2734 989 2791 lua
1040 2738 1192 2809 redempto
1216 2737 1330 2792 bomini
1355 2737 1487 2793 crebrius
1511 2737 1648 2794 totundit.
1665 2739 1741 2795 Nam
1768 2740 1862 2799 adhue

162 2836 279 2903 sua,vid
289 2833 418 2903 est‚ipsa
429 2848 483 2886 suu
494 2847 551 2902 qua
560 2827 636 2884 male
648 2832 771 2882 utuntur
784 2824 985 2895 intelligentia,
1040 2825 1185 2898 replicare
1201 2827 1320 2883 subdit:

158 2924 244 2996 juxta
259 2922 337 2997 quod
349 2922 390 2976 nit
405 2920 555 2975 Dominus.
572 2917 616 2974 ab
635 2932 668 2972 eo
689 2924 785 2970 autam
803 2914 854 2985 qui
869 2930 924 2968 uon
936 2914 986 2970 ba·
1073 2921 1161 2975 Vaas.
1180 2921 1221 2973 17.
1237 2949 1270 2960 -
1288 2942 1298 2969 ι
1326 2918 1467 2990 Nunquid
1482 2924 1587 2992 aperies
1609 2925 1679 2976 snut
1693 2920 1749 2977 tibi
1774 2931 1859 2995 portae

162 3014 211 3070 bet
225 3018 253 3069 et
268 3012 345 3084 quod
362 3009 478 3064 videtur
489 3005 753 3062 babereauieretur
766 3002 803 3058 ab
819 3018 852 3058 eo
867 3001 982 3073 (muttit.
1041 3008 1154 3076 mortis,
1166 3029 1180 3058 u
1197 3008 1225 3063 id
1241 3012 1287 3064 est
1301 3009 1473 3064 adversaria
1495 3015 1652 3078 potestates
1678 3013 1860 3082 superabiles

160 3104 237 3170 xxv).
252 3123 265 3150 o
279 3098 362 3166 Quod
372 3096 495 3152 maxime
507 3101 576 3149 lunc
590 3093 650 3158 fiet,
660 3092 778 3164 quando
788 3090 922 3162 pulsante
932 3090 982 3149 illo
1003 3053 1024 3120 G
1039 3106 1118 3164 sunt,
1134 3098 1271 3167 subaudi,
1288 3103 1320 3153 ut
1335 3098 1419 3165 mibi,
1431 3099 1481 3171 qui
1495 3099 1694 3157 tortitudinem
1709 3103 1861 3161 moriendo

159 3190 270 3246 ultimae
285 3185 494 3261 persecutionis
506 3181 629 3239 articulo
641 3180 733 3252 iniqui
745 3182 984 3251 omnesquodre·
1036 3188 1181 3260 superavi.
1199 3209 1213 3237 a
1230 3188 1262 3243 Et
1278 3189 1354 3244 nstin
1373 3189 1529 3244 tenebrosa
1551 3188 1661 3261 vidisti,
1672 3212 1687 3240 »
1704 3191 1735 3247 id
1756 3200 1799 3246 εει
1814 3207 1861 3247 0³.

158 3283 235 3334 etum
251 3277 369 3333 credere
385 3275 570 3342 videbuntur,
587 3272 733 3327 amittent.
752 3270 814 3325 llox
832 3274 930 3326 autem
946 3270 982 3328 de
1037 3278 1171 3333 rumdam
1187 3278 1421 3334 adversariarum
1440 3284 1617 3350 potestatum
1641 3280 1861 3338 fraudulentam

157 3367 259 3424 eudem
274 3362 476 3439 persecutione
491 3359 663 3418 Antichristi
679 3359 797 3415 territos
807 3358 979 3417 consolans:
1036 3366 1180 3422 malitiam
1198 3367 1378 3439 respiciendo
1391 3367 1536 3438 pressisti,
1550 3367 1593 3424 vel
1606 3369 1709 3425 mortis
1722 3371 1861 3442 proposi.

157 3479 172 3509 «
185 3462 221 3514 at
236 3454 399 3519 brachium,
410 3479 424 3503 u
436 3451 544 3523 inquit,
561 3472 575 3501 a
586 3449 735 3506 excelsum
746 3448 954 3520 confringetur,
965 3471 980 3500 u
1036 3460 1082 3511 tos
1097 3456 1248 3512 moriendo
1264 3455 1436 3512 damnasti?
1457 3456 1525 3520 Oua
1549 3457 1707 3515 tenebrosa
1732 3463 1821 3530 ostia,
1835 3460 1863 3515 id

154 3546 185 3603 id
201 3551 246 3602 est
261 3544 388 3616 superba
402 3540 577 3598 antichristi
592 3537 849 3610 celsitudo,quaiu
867 3543 980 3595 tantum
1036 3549 1081 3599 est
1093 3542 1238 3615 malignos
1260 3543 1394 3614 spiritus,
1409 3543 1460 3615 qui
1477 3545 1505 3599 in
1522 3544 1639 3601 insidiis
1654 3546 1727 3602 dum
1746 3565 1806 3604 non
1822 3549 1864 3604 vi·

157 3636 288 3709 erigetur
303 3640 334 3689 ut
346 3637 436 3688 Deum
448 3648 479 3688 ae
494 3646 582 3701 super
594 3628 979 3698 bomineaessamsutiatur,
1037 3634 1144 3688 dentur
1158 3632 1235 3689 viam
1253 3631 1355 3687 mortis
1370 3631 1518 3703 aperiunt,
1534 3651 1587 3689 nos
1607 3635 1694 3690 etiam
1712 3636 1862 3693 cernimus

154 3724 317 3782 extollendo
332 3738 363 3778 se
379 3737 469 3792 supra
483 3735 571 3775 omna
590 3719 668 3790 quod
690 3717 797 3772 dicitur
818 3716 906 3784 Deus,
930 3723 981 3774 aui
1036 3723 1105 3777 dum
1123 3736 1254 3791 superna
1271 3720 1345 3776 lucis
1362 3722 1453 3779 radiis
1466 3721 1604 3778 illustrati
1616 3723 1766 3781 dicimus:
1784 3748 1798 3776 α
1815 3732 1863 3781 Do

153 3816 231 3891 quod
256 3813 361 3869 colitur
385 3810 408 3883 (i
429 3811 515 3866 liceat.
534 3808 577 3881 u),
615 3806 813 3863 illustratione
837 3807 980 3864 adventus
1036 3810 1135 3866 miuus
1147 3810 1217 3864 mibi
1230 3810 1385 3879 adJutor,et
1397 3826 1449 3877 ego
1461 3811 1620 3883 despiciam
1632 3812 1861 3871 inimicos-meos

153 3903 270 3963 Domini
284 3904 463 3958 destruetur.
1036 3898 1125 3969 (Psoi.
1141 3898 1233 3970 aava).
1251 3919 1265 3947 »
1279 3898 1353 3963 Quia
1367 3913 1433 3953 vero
1449 3903 1651 3969 postmortem
1668 3904 1861 3960 resurrectio·

189 3998 299 4050 cuncta
313 3995 411 4047 tamen
425 3988 486 4044 bac
501 3992 529 4044 et
551 3986 637 4042 aliter
651 3983 746 4040 adhuc
770 3983 893 4056 intelligi
910 4000 979 4056 poe·
1036 4005 1161 4061 nemque
1176 3989 1240 4059 ejus
1255 3987 1368 4044 cunctis
1385 3988 1415 4044 in
1430 3989 1569 4060 gentibus
1589 3991 1719 4047 Ecclesia
1735 3993 1860 4050 dilatata

154 4087 237 4140 suut.
259 4080 354 4137 Verba
368 4078 448 4135 eninr
464 4077 524 4143 Dei,
537 4093 595 4148 quo
612 4074 706 4146 magis
718 4074 889 4144 exponendo
908 4090 977 4131 con·
1036 4085 1090 4146 ast,

153 4172 289 4234 terimus,
309 4185 341 4224 eo
367 4167 495 4238 emplius
515 4167 665 4237 juvamus.
689 4162 772 4219 Sicut
791 4163 975 4235 pigmentum
1071 4167 1157 4223 Vens.
1175 4167 1217 4223 18.
1234 4199 1268 4209 -
1282 4189 1297 4217 «
1313 4167 1464 4239 Nunquid,
1479 4167 1528 4238 ait,
1545 4168 1739 4227 considerasti
1755 4171 1858 4229 latitu-

154 4263 264 4332 quanto
280 4257 345 4328 plus
362 4256 566 4326 teritur‚tanto
580 4254 609 4309 in
621 4251 724 4324 poculo
739 4252 804 4323 ejus
821 4253 910 4308 virtue
926 4270 976 4309 au·
1035 4258 1134 4314 dinem
1150 4262 1243 4324 terras,
1262 4278 1276 4305 o
1290 4256 1468 4322 subaudi‚ut
1480 4259 1600 4329 cgequi
1617 4259 1687 4314 dum
1704 4263 1860 4332 angustias

153 4355 248 4422 gatar.
261 4370 275 4398 a
292 4346 443 4418 Nunquid,
461 4366 475 4395 u
492 4343 543 4413 ait,
562 4362 573 4391 v
597 4341 729 4409 tenuisti,
747 4363 761 4390 v
779 4340 808 4396 id
824 4346 879 4408 est,
895 4343 932 4399 ad
948 4348 977 4399 te
1035 4348 1137 4404 mortis
1153 4347 1234 4419 petii,
1250 4347 1336 4402 iidem
1353 4364 1448 4404 meam
1466 4347 1495 4404 iu
1512 4349 1625 4405 cunctis
1635 4352 1778 4421 gentibus
1789 4353 1860 4409 dila·

152 4437 299 4494 retraxisti
319 4457 333 4491 a
358 4435 539 4500 concutiens,
553 4454 567 4482 »
595 4430 709 4487 scilicet
736 4428 848 4486 salubri
874 4421 1016 4490 timorel)
1037 4436 1105 4505 tavi,
1122 4441 1154 4492 ut
1165 4436 1252 4506 juxta
1272 4436 1445 4508 prophetam
1461 4436 1597 4494 dilataret
1612 4439 1742 4497 Ecclesia
1762 4442 1859 4499 locum

154 4534 314 4583 “fflfflmt
329 4529 422 4591 lim,
439 4523 468 4578 ld
485 4526 539 4587 est,
550 4525 733 4593 Pflssfflissrssffi
749 4518 912 4587 hminem,
928 4522 978 4593 qui
1034 4526 1150 4582 tentorii
1174 4527 1233 4592 sui,
1249 4531 1278 4580 et
1304 4525 1394 4597 peiles
1417 4527 1598 4583 tabernaculi
1623 4530 1667 4584 sui
1689 4533 1861 4589 extenderet

151 4632 202 4689 per
212 4620 320 4672 terram
332 4611 480 4684 designari
491 4609 609 4667 solenti
625 4608 801 4680 «Nunquid,
814 4630 829 4659 »
844 4609 979 4681 inquam,
1033 4615 1098 4688 (isa.
1114 4617 1180 4685 siv),
1193 4619 1220 4670 et
1236 4632 1300 4686 qua
1316 4619 1383 4670 ante
1400 4615 1429 4670 in
1446 4632 1504 4670 una
1518 4622 1604 4688 gente
1619 4617 1707 4675 lsrael
1724 4623 1859 4678 aretam.

151 4728 166 4758 κ
181 4703 367 4762 tenuisti‘ilit
377 4699 533 4758 excussisti
545 4697 653 4772 impios
664 4715 698 4754 aa
713 4713 758 4763 ea,
775 4721 786 4749 ι
806 4698 979 4755 subaudiat
1031 4710 1090 4775 tur,
1107 4705 1142 4761 ad
1159 4704 1290 4761 dextram
1316 4703 1477 4776 levamque
1493 4710 1650 4776 penetrans
1675 4707 1858 4767 dilatamur,

151 4811 205 4868 080
220 4795 271 4867 qui
287 4795 315 4849 iu
332 4794 395 4849 8⁰18
420 4790 532 4847 ulllffllt
547 4805 623 4860 flaepe
647 4792 813 4861 pessssalttfflfl
841 4789 977 4846 terrendo
1032 4795 1200 4851 Monsurraa
1213 4811 1220 4850 :
1235 4791 1688 4864 Qualiterinsingulisnobieboc
1699 4814 1858 4856 commuue

149 4878 502 4947 concutio,converteodo
514 4882 705 4949 teneo,atque
720 4875 755 4930 ab
771 4878 977 4934 eorumcordi·
1031 4886 1141 4941 bonum
1156 4886 1259 4954 agatur
1275 4881 1450 4938 intuendum
1466 4888 1521 4941 est,
1540 4906 1553 4933 a
1568 4883 1720 4957 Nunquid,
1742 4887 1796 4955 ait,
1813 4890 1856 4944 iu.

150 4973 206 5029 bus
219 4969 547 5044 impioacogitationum
561 4964 768 5023 motusevello.
781 4967 820 5020 llo
834 4966 860 5021 ai
876 4971 975 5037 aperte
1028 4990 1148 5047 grossus
1164 4987 1195 5027 ss
1208 4970 1387 5043 protundum
1404 4973 1506 5039 maris,
1518 4994 1533 5023 u
1545 4972 1572 5029 id
1589 4980 1634 5030 est
1648 4976 1856 5034 absconditum

149 5059 245 5118 dicat:
263 5058 466 5115 Misericordia
482 5073 551 5113 ureae
564 5055 722 5129 potentiam
739 5052 861 5123 respice,
876 5058 905 5111 et
919 5063 974 5111 tue
1030 5062 1165 5118 humana
1174 5059 1357 5130 mentisque
1369 5066 1512 5133 tanquam
1521 5063 1856 5123 mareflustuunsvariis

145 5149 272 5222 justitie
288 5148 444 5205 elationem
456 5163 565 5219 preme.
581 5146 615 5200 Et
630 5144 700 5217 quia
715 5158 975 5218 conversumque·
1029 5147 1860 5224 cogitationibussuisipsaceieribusconfundituriaNun·

149 5255 206 5312 que
223 5255 274 5312 per
289 5237 386 5295 carnis
403 5241 528 5292 mortem
544 5234 672 5305 antique
687 5232 779 5304 culpe
791 5248 877 5303 paena
888 5235 975 5292 comi·
1028 5241 1112 5313 quid,
1125 5238 1416 5312 inquam,ingressus
1427 5239 1481 5295 esi
1496 5239 1568 5296 litio
1584 5242 1760 5301 novissimis
1772 5246 1859 5319 abys-

149 5333 248 5385 tatur:
267 5351 281 5380 a
300 5327 518 5394 Restituatur,»
534 5323 662 5395 iuquit,«
680 5323 712 5376 ut
729 5321 822 5377 lutum
840 5322 975 5394 signacu-
1028 5331 1099 5398 sie‚»
1117 5328 1146 5385 id
1159 5328 1345 5399 estejusdem
1360 5329 1734 5402 mentis,«ueambutasti‚»
1746 5335 1858 5393 subau-

148 5418 236 5489 lum,«
252 5418 280 5474 id
297 5423 352 5484 est,
368 5417 456 5470 borno
473 5429 561 5486 quem
573 5411 693 5468 Deusad
704 5425 788 5466 suam
804 5411 974 5469 similitudi·
1026 5421 1066 5490 di,
1085 5425 1193 5492 usage,
1210 5418 1257 5473 cui
1270 5416 1324 5474 soii
1338 5434 1421 5475 mens
1432 5421 1474 5475 vei
1486 5421 1752 5494 spiritusbominia
1772 5442 1861 5496 pene·

148 5526 219 5567 nem
233 5509 362 5568 condens
375 5504 452 5578 (δικ.
468 5506 488 5577 ι)
503 5501 589 5577 quasi
603 5498 752 5576 quoddam
767 5504 971 5574 suppetentia
1027 5508 1141 5567 trabilis
1157 5507 1224 5566 estt
1241 5505 1296 5570 tlui
1320 5510 1392 5564 tuno
1419 5508 1598 5579 protundum
1619 5513 1685 5584 sius
1700 5513 1864 5588 inurentes,
