3826 6014
105 228 145 290 85
453 232 657 296 nodum
679 233 724 294 ΙΝ
747 230 801 293 ΧΙΙ
824 227 973 292 PROPH.
996 226 1077 290 ttltt.
1100 261 1139 276 ··-
1160 228 1198 291 ΙΝ
1220 229 1330 291 osen.
1346 228 1420 290 Lllt.
1444 228 1482 291 ll.
1773 225 1814 289 80
1895 213 1900 223 ’

104 369 169 436 pter
181 363 407 422 incredulitatem
417 367 502 438 tracti
514 366 794 437 concatenatarum
809 382 817 434 ;
834 363 865 420 bi
880 361 931 436 qul
946 367 974 436 Α
988 377 1056 418 num
1070 362 1114 420 eis
1128 379 1193 436 qne
1206 363 1269 420 sola
1278 362 1416 435 diligunt,
1431 360 1640 434 temporalibus
1654 359 1809 427 bonlade·

105 461 189 511 arant
206 456 283 512 velut
297 457 435 526 oleaster,
459 457 564 516 inserti
580 465 652 516 sunt
671 460 700 514 ie
712 459 813 515 bonnm
826 457 930 514 olivum
986 452 1095 508 vorabit
1109 467 1154 510 eor
1168 454 1372 509 merrialtreva
1385 451 1611 523 tempus‚brevis
1621 450 1736 506 dierum
1750 465 1810 506 nu·

104 550 132 601 et
147 545 205 601 lide
219 547 343 615 staot‚id
355 554 401 604 est
414 547 476 605 illis
488 565 544 604 non
556 549 744 605 credentibus
758 553 852 620 pentes
866 561 930 602 crs·
988 554 1088 597 merus
1103 545 1148 597 ort
1162 539 1286 608 mentita
1310 555 1486 613 ⁸0111l³0tq¹¹0
1506 538 1537 595 5¹¹
1552 545 1633 596 motu
1649 538 1695 596 Ἴθι
1711 543 1808 596 mum·

104 635 255 700 didarnnt,
271 652 332 708 qua
345 653 400 693 eoa
414 639 593 694 metabantur
601 636 756 709 justitiam,
774 635 929 708 apprehen·
986 629 1067 686 tione
1081 632 1136 699 ast,
1148 630 1310 702 prasertim
1332 627 1458 696 lunaris,
1472 627 1587 702 qualem
1610 627 1705 685 aulum
1721 644 1810 686 nove·

102 722 205 779 &mr
219 725 357 793 januum
371 743 436 799 qu„
451 744 485 784 εχ
500 726 555 783 fide
565 733 622 793 aar,
637 732 667 784 ae
680 727 777 784 taliter
786 724 930 783 pominus
987 720 1055 775 rant
1069 734 1102 774 ex
1119 718 1183 791 lege
1197 724 1227 774 et
1241 720 1465 776 commutabant
1487 717 1528 788 hi,
1545 722 1647 774 contra
1660 734 1734 791 quos
1744 734 1811 790 pro·

101 813 146 868 rel
158 813 278 884 justitia
292 814 343 871 Dei
360 815 496 873 Christus
509 815 625 874 ablatos
640 821 686 873 ast
700 814 838 873 ais.Dicat
849 813 928 887 quis:
986 805 1122 880 photinus
1137 806 1185 864 hin
1196 822 1293 864 sermo
1308 805 1544 879 dirigitur-Unda
1558 807 1673 879 quoties
1687 805 1717 862 in
1732 805 1809 862 Scri·

100 901 164 966 Ono
178 917 249 976 ergo
263 903 392 972 devenit,
403 907 444 961 rel
460 904 607 976 quomodo
622 903 743 977 impleta
760 907 806 960 sat
820 902 929 958 veritas
985 902 1072 969 ptura
1086 895 1293 953 sacradecima
1306 897 1350 952 vel
1367 895 1483 952 decima
1510 897 1613 967 quinta
1636 896 1683 952 dia
1698 895 1809 953 mansis

100 990 162 1059 Dei,
178 993 229 1063 qui
246 999 364 1064 pactum
376 993 488 1066 pepigit
502 1009 569 1050 cnm
584 993 745 1059 Abraham,
760 997 862 1049 etcum
880 1006 929 1048 aa·
985 984 1136 1057 quidpiam
1152 990 1269 1058 gastum
1280 984 1323 1041 vel
1333 985 1494 1057 gerandum
1510 982 1809 1056 legimus,sinednbio

98 1081 181 1135 mina
194 1080 271 1152 ejus.
286 1081 364 1138 sicut
378 1082 531 1154 Scriptura
547 1087 682 1151 testatur,
699 1081 820 1138 dicans:
836 1081 868 1136 le
883 1077 930 1135 die
984 1072 1060 1130 nihil
1071 1072 1151 1131 alind
1168 1090 1257 1148 quam
1272 1074 1418 1131 decimam
1446 1073 1490 1129 vel
1505 1072 1650 1130 decimam
1675 1075 1809 1147 quintam

96 1169 148 1224 itte
162 1171 273 1242 peptqie
285 1170 415 1227 nemim
429 1187 493 1228 gum
515 1171 656 1228 Atratum
670 1171 760 1242 [adue
774 1169 852 1242 (Gen,
869 1168 927 1240 xv),
983 1160 1084 1221 lunam
1100 1163 1304 1237 intelligimus.
1321 1163 1421 1231 Porro,
1435 1161 1508 1220 luna
1523 1163 1587 1236 ipsa
1607 1180 1759 1235 nunqnam
1774 1163 1805 1220 in

100 1260 242 1330 Itemque.
259 1262 294 1316 St
306 1265 436 1328 aarum,
448 1260 556 1333 inquit,
563 1265 676 1332 paetum
689 1277 779 1318 meum
796 1259 871 1316 ieter
884 1274 930 1315 me
984 1253 1087 1310 eodem
1102 1257 1404 1327 statupermanet‚sod
1417 1269 1534 1326 semper
1545 1258 1807 1319 mutatur;etnunc

98 1357 125 1404 η
139 1358 176 1416 30,
191 1357 220 1405 ,ι
235 1352 309 1405 enm
321 1365 412 1407 „m
425 1361 504 1407 mum
518 1349 550 1406 5„
563 1349 787 1420 mmmmm
800 1347 859 1406 mig
873 1350 926 1420 [a.
983 1341 1102 1414 quidem
1118 1347 1267 1400 cremento
1284 1342 1504 1414 prolicit,donsc
1520 1341 1605 1412 plena
1616 1341 1807 1412 sit3nnnoau·

97 1437 161 1494 dere
173 1438 385 1510 sempiternam
398 1442 449 1497 rire
462 1440 531 1498 item
546 1446 623 1506 taus,
639 1441 795 1498 straminis
810 1439 928 1513 luipolt
983 1434 1042 1487 tem
1058 1431 1279 1489 decrementum
1301 1431 1423 1488 luminis
1446 1433 1566 1504 patitur,
1583 1432 1675 1489 donec
1689 1433 1808 1505 penitus

99 1525 392 1601 telicer.xv11.)ad
409 1529 469 1585 brac
486 1529 606 1601 provida
628 1529 790 1603 prophetici
803 1530 927 1602 spiritus
982 1519 1195 1594 exstinguntur.
1208 1521 1312 1594 ltaque
1324 1521 1433 1577 mensis
1450 1521 1506 1577 hoc
1526 1521 1589 1578 loco
1604 1527 1681 1578 recte
1697 1520 1807 1578 intelli·

99 1615 330 1688 sapientiarum
345 1633 353 1675 ς
370 1619 403 1674 ιη
429 1617 545 1676 nomino
572 1620 748 1691 pampeli
766 1623 841 1686 mne,
856 1621 928 1692 qula
981 1609 1062 1682 gitur
1075 1610 1278 1683 temporalitas
1286 1610 1676 1683 atquamntabilitasmundi
1688 1609 1731 1667 vel
1738 1611 1804 1668 rita

99 1704 174 1775 fitia,
189 1707 298 1763 arm,
319 1717 483 1779 mamm,
500 1712 534 1765 pt
547 1714 593 1765 ω
610 1725 717 1766 ,ωας
727 1727 734 1766 ;
747 1710 777 1766 sp
797 1710 833 1765 de
849 1706 925 1780 paoli
982 1698 1147 1770 pressantis,
1163 1716 1226 1771 que
1244 1699 1467 1756 nuncderercbit
1480 1699 1653 1772 eca,inquit;
1668 1700 1802 1772 quianon

101 1793 217 1851 ratione
231 1795 338 1866 agitur,
365 1797 443 1869 qnod
460 1812 527 1852 cum
552 1797 686 1868 patribus
697 1812 797 1854 eorum
814 1796 927 1870 pepigit
941 1752 965 1819 B
979 1786 1076 1844 solnm
1090 1787 1168 1844 mala
1182 1793 1290 1844 aterna
1305 1788 1504 1855 inlutnro,aed
1514 1787 1591 1844 mala
1605 1803 1802 1860 quoquepra·

102 1887 190 1952 Dans,
203 1891 233 1941 et
244 1885 307 1956 ejus
318 1886 369 1958 qui
382 1885 490 1959 pepigit
504 1885 612 1942 veritas
622 1885 788 1959 requiritur,
799 1886 882 1942 tacite
897 1889 926 1942 et
977 1877 1073 1932 sentia
1084 1877 1209 1949 jamjam
1220 1877 1362 1949 recipient
1377 1877 1407 1933 ln
1423 1879 1557 1947 presenti
1568 1876 1675 1934 seculo
1688 1877 1796 1934 tamis·

102 1972 245 2028 varaciter
259 1972 513 2040 excusaturllena,
524 1974 720 2046 qniapactum
732 1973 805 2030 illud
814 1972 924 2046 pepigit
977 1973 1037 2030 rael
1052 1990 1141 2047 qnam
1152 1975 1253 2031 iudas.
1271 1975 1351 2040 Quod
1365 1975 1541 2047 jamdudum
1555 1974 1797 2046 adimpletnmri·

103 2062 221 2133 qnidam
235 2063 321 2130 Deus,
337 2063 387 2118 sed
402 2061 459 2135 ipsi
473 2063 737 2133 praevaricaticem,
758 2062 841 2118 idest
855 2061 924 2117 irri-
976 2061 1263 2120 damna.Namlsrasl
1279 2080 1313 2120 ax
1323 2069 1393 2120 tunc
1408 2063 1663 2136 tansturcaptivns
1674 2064 1704 2121 in
1719 2070 1798 2123 terra

102 2157 162 2209 tum
178 2153 401 2220 lecerunt,aicut
413 2154 619 2212 dictumeetds
631 2154 690 2212 illia
702 2155 738 2210 sd
753 2154 923 2225 prophetam
976 2152 1179 2226 Assyriorum
1194 2152 1288 2210 iudai
1304 2170 1380 2221 raro,
1396 2152 1800 2227 Babyloniosquidamoapti·

102 2241 278 2300 Hieremiam
295 2244 416 2300 :deensi
428 2247 493 2300 aunt
507 2248 543 2300 ort
558 2243 715 2316 iniquitates
728 2247 843 2316 potrum
857 2258 922 2300 suo·
975 2243 1062 2298 vitate
1079 2246 1145 2314 post
1158 2259 1251 2299 annos
1267 2259 1320 2299 ιιι
1332 2243 1420 2299 soluti
1437 2247 1507 2300 sunt
1518 2261 1525 2312 ;
1536 2244 1587 2300 sed
1604 2249 1679 2316 post,
1692 2244 1798 2303 itoma-

100 2348 164 2387 rum
177 2335 294 2401 artaret,
309 2335 359 2405 qui
371 2333 524 2390 noluerunt
544 2333 642 2390 ordire
656 2333 740 2390 verbo
754 2349 826 2390 mee.
844 2334 877 2389 lit
891 2332 922 2388 tt
976 2331 1023 2387 nia
1036 2330 1203 2403 agentibus,
1214 2331 1384 2388 ceciderunt
1396 2331 1425 2387 iu
1439 2348 1489 2388 ore
1503 2332 1636 2406 gladii,et
1650 2333 1680 2390 in
1696 2349 1799 2392 omnes

100 2435 163 2492 erqo
175 2423 307 2478 aeternat
317 2427 378 2494 poet
394 2422 457 2479 deca
469 2423 584 2490 elieser,
594 2432 626 2479 ut
641 2424 777 2480 servirem
791 2424 839 2479 eir.
856 2422 923 2478 lrri·
975 2424 1078 2493 gentes
1092 2419 1198 2491 captivi
1210 2420 1292 2477 ducti
1304 2426 1387 2489 sunt,
1403 2425 1433 2478 st
1446 2427 1547 2493 partes
1561 2422 1676 2491 suas,id
1689 2427 1800 2481 eattae·

101 2517 158 2566 turre
171 2511 297 2581 (corruet
324 2512 421 2568 domur
435 2512 534 2578 lsrael,
548 2515 575 2568 et
598 2511 694 2569 domur
718 2511 789 2569 ludo
810 2514 921 2582 poclum
975 2524 1046 2566 rena
1059 2523 1123 2580 qua
1140 2507 1202 2565 sola
1216 2509 1386 2582 querebant
1413 2509 1491 2566 bona
1511 2511 1797 2585 perdiderantque

102 2616 201 2666 rreum,
214 2602 286 2672 qaod
306 2602 409 2674 pepipr'
422 2617 485 2656 cum
509 2600 637 2674 putribus
664 2617 761 2657 eorum
784 2601 852 2673 (ter.
869 2601 920 2673 ιι).
975 2598 1134 2656 noluerunt
1150 2605 1262 2673 partem
1279 2616 1364 2658 suam
1375 2616 1440 2657 csse
1456 2600 1683 2659 Dominum.His
1698 2603 1795 2676 dictis,

102 2687 257 2747 Universos
272 2690 520 2762 praevaricationis
529 2690 765 2748 modoabrsriter
773 2690 919 2762 exprimit,
974 2688 1109 2760 protinus
1126 2688 1201 2744 mira
1212 2687 1371 2762 prophetici
1385 2687 1504 2762 spiritus
1520 2690 1680 2748 acrimonia
1694 2691 1737 2749 sic
1748 2691 1795 2749 in·

102 2778 237 2844 dicendo,
257 2783 325 2851 quio
338 2780 410 2850 filice
432 2780 537 2836 athnoe
563 2782 727 2851 peremunt.
750 2777 919 2849 deruerunt,
973 2775 1795 2855 olamat‚dsroratronemillamjamiamimminereaigni·

101 2867 234 2942 inquam.
251 2887 307 2926 non
323 2877 381 2926 tam
397 2870 507 2927 carnali
523 2871 723 2944 procreatione
738 2870 919 2943 quamspiri·
973 2864 1076 2933 boans,
1092 2882 1181 2939 quam
1198 2865 1387 2939 pradlxerat:
1416 2865 1541 2939 Clnupite
1564 2867 1680 2925 turem
1694 2871 1724 2925 irs
1739 2871 1792 2929 Ge·

100 2960 169 3014 tuati
179 2958 422 3016 seductioneNec
438 2975 503 3016 vero
513 2960 717 3017 tantummodo
731 2960 920 3032 filiorotienca
973 2952 1034 3023 δοῦ,
1051 2955 1117 3011 tuba
1130 2958 1161 3011 t'tt
1178 2956 1282 3020 Rama:
1293 2955 1404 3012 villeir
1416 2957 1445 3012 in
1462 2957 1794 3017 bellumreditum

98 3058 263 3121 pesuerunt,
279 3050 329 3107 aad
340 3055 369 3106 et
383 3049 439 3122 ipsi
455 3049 600 3124 genitores
621 3049 671 3106 dlii
692 3049 781 3106 aliani
796 3049 916 3106 exstite-
973 3058 1063 3099 cornu
1089 3043 1249 3101 animantia
1261 3060 1380 3101 recurro
1391 3044 1426 3101 tlt
1442 3046 1518 3114 ;tubu
1534 3051 1630 3103 aulem
1647 3048 1793 3106 exararel

99 3149 175 3204 runt,
192 3139 220 3194 id
236 3145 282 3195 eat
298 3138 350 3194 litii
374 3139 494 3211 quidem
511 3139 619 3208 carnis,
632 3139 682 3196 sed
698 3156 757 3196 non
775 3144 872 3196 tamen
887 3138 916 3195 in
931 3120 955 3190 C
973 3133 1132 3205 argenteio
1148 3132 1209 3204 lege
1224 3133 1285 3190 llari
1302 3133 1797 3210 precipitur‚concrspatqusinbal-

97 3227 210 3284 semius
226 3227 379 3300 reputandi
394 3227 437 3284 val
453 3227 642 3284 existimandi
658 3232 737 3284 sunt.
759 3229 819 3284 Non
832 3229 919 3296 erim,
972 3219 1010 3277 lis
1021 3225 1050 3277 et
1063 3221 1093 3277 in
1120 3221 1357 3279 solemnitatibus
1368 3224 1462 3295 (Nom.
1477 3225 1517 3296 x).
1539 3225 1634 3283 Gulae
1658 3235 1685 3282 et
1698 3228 1794 3299 Remo,

95 3314 194 3387 inquit
209 3314 381 3388 apostolus,
396 3331 490 3373 omres
501 3318 550 3388 pue·
560 3333 596 3374 ex
611 3315 742 3379 terratia·
753 3326 817 3372 suar
834 3320 921 3373 tem.
972 3308 1231 3368 civitatessuntlu
1261 3311 1338 3368 tribu
1352 3312 1504 3384 Beniamin
1533 3313 1591 3370 sibi
1609 3314 1797 3373 vinicellam

97 3402 157 3462 ture
171 3421 180 3472 ;
193 3421 281 3477 aeque
295 3408 360 3478 qaia
373 3421 466 3462 maen
480 3414 544 3462 runt
558 3405 778 3476 dbrobremmrree
790 3404 846 3476 filii
861 3406 918 3474 no}
972 3401 1018 3455 est
1032 3397 1141 3469 Gabaa,
1159 3400 1189 3455 in
1205 3416 1263 3472 qua
1279 3408 1365 3458 natus
1381 3401 1795 3479 estSau1.Ramaautemipsa

97 3495 142 3550 aed
157 3496 187 3549 ta
202 3495 277 3551 laune
292 3494 436 3553 rorabitur
446 3494 607 3560 tibieemen,
624 3496 653 3551 id
669 3500 724 3565 est,
740 3510 794 3551 cor
809 3492 920 3569 quifitii
972 3493 1028 3553 est.
1045 3505 1102 3562 qna
1119 3507 1169 3546 rex
1184 3489 1272 3547 iarael
1297 3495 1422 3548 conatus
1436 3500 1480 3548 est
1495 3508 1646 3566 occupare,
1662 3494 1741 3552 siout
1762 3494 1792 3553 iu

98 3584 233 3649 ranimiri
243 3595 309 3640 runt
322 3584 380 3656 fita·
394 3583 501 3651 veteri
515 3586 566 3656 qui
582 3584 639 3655 filii
651 3585 920 3654 compromissionis
972 3575 1047 3633 libro
1063 3577 1173 3648 Regum
1187 3577 1306 3651 legitur,
1323 3585 1354 3636 nt
1369 3579 1515 3636 clauderet
1525 3581 1635 3638 exitum
1651 3588 1680 3642 et
1694 3582 1796 3642 introi·

97 3671 316 3730 alimentaria
345 3674 449 3730 semine
465 3673 554 3745 (Rom.
570 3673 620 3745 m).
638 3671 920 3747 lirgofitioaotieeor
972 3664 1224 3722 inmitibuilude
1253 3671 1282 3721 et
1308 3667 1460 3738 Beniamin
1490 3669 1539 3738 (lll
1555 3670 1618 3742 ltep.
1643 3671 1792 3742 11).Porro

96 3767 264 3836 penserunt,
280 3763 307 3818 id
325 3769 370 3819 ast
400 3761 471 3819 tales
497 3761 565 3819 lacti
578 3768 660 3829 sunt,
673 3762 716 3819 vel
735 3763 835 3819 taliter
849 3779 920 3819 suos
971 3762 1108 3819 Betbcrerr
1125 3763 1154 3818 in
1165 3763 1242 3819 tribu
1255 3768 1299 3819 ast
1311 3762 1457 3836 Ephraim,
1467 3781 1531 3837 qua
1546 3774 1614 3822 anta
1633 3773 1734 3826 vocata
1748 3776 1794 3829 rat

96 3851 302 3919 instituerunt,
317 3851 360 3909 vel
384 3853 419 3910 de
434 3851 493 3908 illia
519 3868 621 3909 samen
636 3852 722 3918 illud,
747 3852 783 3909 da
803 3868 862 3924 quo
882 3853 918 3908 ad
972 3851 1083 3909 Bethsl.
1098 3851 1172 3918 Quia
1190 3851 1280 3924 igitur
1294 3852 1474 3925 praemiserat
1485 3854 1622 3927 superius
1634 3856 1733 3914 decem
1744 3864 1795 3916 tri·

95 3943 244 3999 abraham
259 3943 442 3999 dictumest:
458 3942 490 3998 Et
504 3945 535 3999 in
550 3943 712 4000 seminetur
727 3943 921 4000 benedicentur
971 3941 1103 3998 bunmet
1117 3942 1242 3998 duarum
1257 3941 1471 4015 captivitatem,
1484 3943 1603 4002 diosus:
1619 3947 1697 4005 liure
1710 3948 1794 4006 deoc·

95 4039 188 4080 omres
202 4029 296 4094 nerim
308 4023 385 4095 (Gerr.
400 4031 469 4096 xxii)
484 4022 596 4080 scilicet
617 4023 763 4093 Christus,
777 4024 920 4080 varaciter
971 4028 1048 4086 rabit
1057 4045 1103 4085 soe
1115 4029 1219 4086 mensis
1244 4046 1307 4086 cum
1329 4031 1455 4102 patribus
1482 4031 1551 4091 aab.
1581 4032 1719 4093 Hortatur
1732 4054 1794 4109 eoa,

96 4114 194 4169 dicat:
211 4112 280 4170 Filii
292 4114 381 4169 alieri
401 4110 512 4169 mentiti
523 4117 587 4169 aunt
599 4113 681 4178 mibi,
702 4113 758 4184 etti
770 4113 858 4169 oiierrr
874 4112 918 4169 in·
972 4119 1057 4190 quasi
1070 4119 1132 4191 jam
1145 4119 1273 4176 instante
1299 4119 1394 4177 vicina
1409 4122 1588 4193 captivitate,
1605 4128 1638 4181 nt
1658 4135 1797 4186 resonant

95 4212 278 4258 surrexerant
287 4201 430 4258 aduersum
439 4218 491 4268 me,
506 4213 533 4259 et
546 4202 775 4260 claudicaverunt
784 4221 802 4258 o
815 4202 920 4260 remitis
972 4206 1150 4273 bucciniani
1162 4207 1242 4264 tubis
1251 4207 1436 4266 cohortantes
1447 4211 1610 4269 seinvicem
1621 4214 1651 4272 in
1666 4231 1799 4278 commu·

98 4293 153 4346 ruia
167 4290 255 4362 (erat.
268 4291 347 4360 xrtt).
366 4290 450 4346 truria
464 4291 551 4347 corde
565 4298 593 4347 et
607 4291 824 4348 incircumcisis
839 4292 921 4347 auri·
973 4312 1040 4353 nem
1057 4296 1169 4353 luctum
1183 4317 1191 4367 ;
1203 4301 1232 4354 at
1246 4302 1291 4354 est
1320 4315 1443 4356 sensus:
1456 4299 1551 4358 Nolito
1567 4310 1691 4361 vestram
1708 4308 1797 4381 capti·

98 4379 153 4435 bna
168 4395 273 4451 parum
289 4385 334 4436 est
349 4380 402 4435 hoc
417 4396 503 4436 omna
515 4380 809 4453 malum,quod‚sicut
823 4396 921 4437 sermo
971 4385 1091 4442 ritatem
1104 4385 1463 4453 bumilirocedessara.sed
1479 4388 1612 4448 buccinis
1623 4402 1797 4470 concrepate

99 4468 287 4542 propheticas
301 4469 578 4529 comminatorum
590 4471 713 4526 debeant
727 4469 919 4528 lnvsairallo·
934 4493 959 4560 Β
975 4479 1004 4532 at
1017 4475 1144 4543 inhiant
1158 4491 1261 4533 omnes
1276 4476 1398 4533 audiant
1412 4478 1462 4549 qui
1479 4478 1508 4535 in
1524 4480 1647 4538 circuitu
1659 4487 1795 4545 suotcnl

103 4560 224 4628 minum,
236 4563 265 4615 et
280 4558 357 4630 qood
381 4557 498 4614 ablatus
512 4558 552 4614 sit
570 4558 608 4614 ab
619 4561 672 4631 eta,
688 4561 868 4616 transeundo
881 4560 917 4616 ad
973 4562 1074 4619 sensui
1091 4564 1165 4620 bana
1179 4566 1326 4638 congruit,
1350 4567 1426 4638 quod
1448 4567 1557 4637 Gabaa,
1577 4571 1675 4644 cottia
1692 4579 1794 4653 Rama,

103 4647 185 4704 tidem
195 4648 400 4722 pantiummisi
415 4649 503 4704 etiam
516 4647 709 4719 presentibus
724 4649 919 4722 percellantur
972 4651 1080 4708 excelso
1094 4650 1431 4725 interpretatur.Dicitnr
1442 4671 1513 4729 argo
1529 4656 1571 4714 sia
1583 4659 1793 4735 :dicacitatem-

101 4736 185 4793 malia
199 4738 249 4809 qui
265 4736 537 4810 prasentiarmtum
550 4737 627 4794 bona
640 4738 919 4811 diligunt.8equltnr
971 4740 1037 4798 cirre
1052 4741 1101 4797 8⁷
1114 4743 1146 4798 irs
1161 4740 1265 4810 Getae,
1280 4743 1349 4801 tubo
1360 4745 1391 4801 ire
1405 4745 1535 4815 temold
1549 4753 1595 4806 est
1608 4754 1795 4818 serenditein

101 4850 186 4903 aruo:
202 4836 280 4892 lianc
293 4834 436 4892 decorabit
450 4850 497 4891 ece
514 4833 619 4891 mersis
634 4836 834 4908 compatribus
848 4839 917 4895 ruia.
973 4845 1086 4897 montes
1100 4845 1130 4897 et
1139 4840 1383 4915 oolles‚calsaque
1392 4858 1461 4900 voce
1471 4843 1575 4903 delleta
1589 4846 1794 4915 imminentem

100 4930 139 4980 ac
153 4925 265 4980 sidicat
279 4924 352 4982 :Non
368 4929 482 4980 tantum
501 4923 574 4981 illud
585 4924 621 4982 de
637 4925 919 4998 tutnropreparatnr
971 4928 1054 4986 robis
1068 4929 1277 5004 captivitatem.
1296 4930 1405 4990 ilintate
1427 4932 1515 4991 etiam
1527 4935 1558 4991 ire
1577 4938 1727 5014 Bethoron,
1744 4948 1795 5005 ubl

99 5013 141 5069 eia
156 5014 264 5070 malum
281 5021 433 5081 aternum,
449 5014 527 5087 quod
553 5031 610 5071 non
623 5019 759 5087 poterunt
787 5017 918 5075 invenire
971 5019 1255 5077 estnnusexanreis
1269 5019 1379 5091 vitulis,
1402 5038 1454 5094 pro
1469 5038 1594 5095 qnorum
1610 5035 1796 5098 veneratione

100 5101 274 5168 Dominum:
290 5120 391 5159 aarum
411 5105 499 5158 stiam
516 5120 594 5160 nuno
608 5104 918 5176 inpraesentiarumau·
972 5108 1059 5164 modo
1075 5107 1181 5181 captivi
1193 5109 1348 5166 tradentur
1361 5108 1661 5185 habitatoreaajusnt
1675 5123 1797 5193 pulchre

100 5193 226 5249 terantur
240 5191 282 5250 eis
298 5193 556 5249 bonatransitoria
578 5209 642 5265 qna
656 5192 717 5251 sola
732 5193 872 5268 diligunt,
889 5203 918 5255 et
971 5195 1110 5254 additur:
1139 5197 1202 5254 Post
1222 5207 1330 5271 terpum
1353 5205 1435 5256 tuum
1457 5201 1613 5276 Beniamin.
1644 5207 1697 5269 Ubi
1718 5216 1795 5277 enim

99 5282 260 5339 inferuntur
275 5283 353 5339 mala
367 5282 614 5354 temporalisque
628 5283 692 5341 sola
705 5288 916 5361 metuuntque
971 5286 1067 5343 tribua
1082 5287 1185 5345 dnitnr
1198 5289 1361 5363 Benjamin,
1376 5306 1433 5348 non
1450 5293 1552 5365 procul
1567 5301 1613 5354 sat
1623 5297 1684 5359 bec
1694 5304 1796 5366 civitas

98 5381 165 5428 sunt
179 5381 274 5446 partes
288 5380 502 5442 eorumpartrs
518 5371 675 5443 impiorum
691 5391 698 5430 :
716 5390 784 5433 nam
799 5382 917 5436 econtra
970 5377 1091 5435 condita
1103 5379 1133 5435 ia
1150 5379 1227 5436 tribu
1235 5380 1418 5454 Ephraimin
1426 5384 1578 5455 posteriori
1592 5389 1794 5470 scilicetparta
1903 5431 1911 5441 ·

97 5470 216 5521 noctua
231 5472 259 5519 st
269 5464 373 5536 justas
383 5461 453 5517 dicit
469 5478 476 5518 :
492 5460 587 5518 Portio
600 5477 662 5517 mee
681 5465 712 5518 te
725 5468 808 5522 terro
822 5467 916 5523 ricen-
970 5466 1339 5544 ipsiusltenlaminltaque
1350 5486 1417 5528 cnm
1433 5471 1469 5530 de
1483 5489 1609 5547 persona
1623 5483 1794 5543 tartialuse-

97 5562 164 5612 eum
186 5553 386 5628 (Postquam).
409 5551 477 5609 Cum
498 5551 625 5624 putribus
653 5567 721 5624 ergo
740 5555 808 5624 eutr,
833 5555 917 5614 idest
970 5557 1098 5616 eundem
1115 5557 1240 5632 prosilit,
1269 5559 1397 5634 dicitque
1409 5578 1417 5619 :
1430 5562 1554 5636 Ctorpiu
1572 5564 1685 5627 damino
1698 5573 1729 5629 ire
1742 5572 1793 5633 Go-
