3826 6014
61 222 139 281 {265
471 214 674 280 condutta.
697 215 737 277 lut
760 216 1066 280 necunsmsunu.
1090 250 1129 264 -
1150 219 1225 280 utu.
1248 218 1365 284 UNUS.
1693 221 1771 283 1260

58 353 172 425 agendo
196 350 400 424 perdiderant,
425 367 500 422 quos
520 350 556 405 ad
573 349 650 405 hona
665 356 781 407 revocat
803 365 892 422 opera
905 361 930 428 Α
946 353 1001 415 ter,
1020 349 1187 423 episcopus,
1203 351 1453 425 archiepiscopus,
1475 353 1552 410 MS
1567 356 1596 409 et
1609 368 1683 424 papa
1698 370 1768 426 apo·

60 440 172 498 Paulus
187 439 351 514 apostolus,
366 441 466 496 dicans
481 457 488 495 :
506 439 674 496 Redimentes
687 446 805 511 tempus,
820 455 887 511 qao·
945 438 1132 496 stolicus.lstl
1143 441 1366 513 quamvisjuste
1380 443 1488 507 vivant,
1500 443 1613 512 etjuste
1624 442 1768 513 magiste-

60 532 139 588 niam
153 532 210 588 dica
224 530 374 587 matisant.
385 531 456 586 Ecce
471 533 551 600 patet
566 529 705 585 exverhis
719 527 890 601 Apostoliet
941 525 1018 583 rium
1035 533 1163 600 teneant,
1181 548 1237 587 non
1252 536 1353 587 tamen
1368 533 1404 587 ad
1422 533 1583 603 perlectum
1604 533 1766 590 contestare

62 622 257 689 Ecclesiastis,
274 622 350 693 quod
367 622 468 694 perdat
484 629 601 693 tempus
618 637 704 676 suum
721 621 770 692 qui
786 619 887 676 nimiis
941 625 1065 689 possunt
1079 621 1254 693 sapientem.
1277 623 1341 680 Non
1356 623 1435 680 enim
1452 629 1497 680 est
1512 623 1596 679 homo
1617 623 1719 693 justus
1735 624 1765 680 in

62 712 163 768 sordet
187 712 327 783 peccatis.
344 712 436 776 Quem
453 710 532 766 enim
547 717 625 766 Deus
641 709 748 765 creavit
763 714 796 765 ut
809 710 888 765 vivat
941 715 1027 777 terra,
1044 710 1094 780 qui
1117 710 1205 766 iaciat
1219 712 1341 779 bonum,
1357 719 1387 769 et
1400 729 1459 768 non
1482 716 1591 784 peccet.
1607 712 1661 768 Sed
1675 713 1699 769 si
1716 730 1766 770 sa·

61 800 135 856 bene
146 800 299 872 sapiendo,
316 798 341 855 si
357 799 529 870 desipiendo
542 816 601 855 nun
616 815 670 855 suo
685 803 816 870 tempore
828 815 888 855 mo·
940 796 1050 868 pientia
1069 799 1149 854 cordi
1172 800 1345 871 aspiraverit
1360 801 1514 873 sapientis,
1535 806 1568 857 ut
1583 802 1659 858 hona
1676 801 1765 860 taoiat

61 891 164 955 riatur,
176 889 231 946 iste
246 905 342 962 neque
353 905 406 945 suo
419 893 548 961 tempore
560 888 647 956 vivet,
669 904 764 959 neque
784 887 887 944 morie·
939 902 1004 956 quae
1013 887 1125 956 didicit,
1137 890 1313 946 confortabit
1323 907 1390 946 oum
1403 891 1469 963 plus
1482 907 1570 963 quam
1581 892 1681 948 docem
1695 909 1767 964 pra·

59 986 118 1039 tur.
144 982 197 1046 Qui
222 981 300 1037 enim
324 982 424 1036 vivens
453 981 578 1036 moritur
603 979 738 1035 morienti
764 980 887 1035 iteratur
938 977 1361 1053 dictamregentesllcclesiam.
1376 982 1478 1041 Aliter.
1495 988 1598 1040 Decem
1615 985 1763 1058 principes

60 1088 150 1142 mors,
167 1088 234 1127 cum
250 1071 323 1128 hene
335 1069 558 1127 deheretvivere
569 1068 721 1126 nestultus
732 1069 884 1125 moriatur.
937 1068 989 1139 qui
1001 1073 1173 1141 potestatem
1185 1071 1294 1128 habeut
1308 1078 1337 1128 et
1349 1072 1378 1128 in
1396 1073 1466 1130 urbe
1480 1076 1647 1131 consistunt
1666 1075 1762 1148 angeli

95 1162 179 1217 Vnus.
198 1162 286 1217 19.—
310 1162 417 1216 Bonam
432 1164 471 1216 eat
487 1168 511 1217 te
536 1164 693 1216 sustentare
704 1162 827 1232 jactam,
840 1159 886 1214 sed
937 1158 1762 1236 sunt,quiadpertectumnumerumperveneredeua-
1800 1164 1803 1169 “

57 1257 84 1308 et
100 1253 137 1308 ub
153 1253 202 1308 illo
217 1268 252 1306 ne
266 1251 413 1307 subtrahas
430 1267 545 1307 monum
557 1256 653 1312 taam,-
669 1251 734 1323 qaia
749 1252 797 1322 pai
808 1251 885 1306 timet
936 1247 1023 1318 rium,
1039 1257 1066 1304 et
1082 1249 1263 1307 auxiliantur
1288 1252 1418 1308 humano
1442 1252 1552 1325 generi.
1573 1253 1630 1309 Sed
1646 1254 1670 1310 si
1694 1252 1761 1326 quis

57 1343 143 1398 Deum
153 1341 228 1397 nihil
243 1342 370 1412 neptipit.
385 1340 457 1396 Vide
468 1340 538 1412 quid
548 1340 577 1395 in
590 1341 687 1396 verbis
698 1339 883 1396 Ecclesiastis
936 1336 1486 1412 consideretomniaauxilia,majusest
1496 1341 1762 1415 auxiliumsepien-
1854 1332 1858 1339 ’

58 1431 225 1499 subluceat,
241 1429 372 1486 notantis
384 1430 537 1502 perpaucis
548 1434 705 1502 utramque
720 1429 883 1499 legemhex
935 1425 992 1494 tie,
1018 1427 1046 1481 id
1073 1432 1119 1483 est
1139 1428 1255 1484 Domini
1271 1431 1363 1486 nostri
1377 1431 1447 1487 lesu
1463 1430 1584 1487 Christi.
1602 1432 1758 1503 Postquam
1862 1480 1867 1498 ,

58 1521 204 1590 Evangelii
211 1521 285 1591 jacit
296 1521 430 1575 umbram
443 1519 517 1591 legis
528 1520 563 1575 de
575 1534 617 1576 ss.
629 1519 769 1575 Vetuslex
784 1524 839 1585 est,
851 1523 883 1574 ut
934 1515 1013 1570 enim
1024 1515 1161 1573 dixerunt
1176 1517 1270 1589 angeli
1285 1535 1292 1574 :
1305 1518 1470 1576 duravimus
1481 1521 1651 1593 Babylonem
1665 1525 1691 1578 et
1701 1539 1756 1578 non

57 1627 140 1666 amas
156 1610 285 1665 amicum
296 1612 322 1663 et
336 1608 400 1664 odia
412 1607 514 1664 habeas
525 1607 671 1664 inimicum
686 1617 763 1664 taum
775 1608 880 1678 (ttatcn.
934 1613 973 1660 cst
986 1610 1092 1675 carata,
1104 1605 1298 1679 relinquamus
1312 1612 1414 1665 comet
1428 1609 1509 1665 abeat
1520 1612 1708 1683 unusquisque
1725 1613 1757 1668 in

54 1701 94 1772 v).
111 1699 166 1765 Qui
177 1697 253 1754 male
268 1700 338 1771 agit,
355 1698 458 1754 timeat
473 1696 560 1764 mala,
572 1701 623 1770 qui
641 1713 709 1754 veru
725 1696 880 1754 bonusest
933 1701 1040 1751 terrum
1054 1711 1135 1752 saum
1152 1698 1218 1768 (ter.
1235 1698 1288 1768 ιι);
1318 1702 1386 1753 tunc
1402 1698 1544 1770 magister
1568 1698 1748 1755 medicorum

56 1794 155 1863 speret
170 1789 254 1846 hona.
270 1790 324 1846 Sed
341 1790 481 1861 quoniam
496 1788 570 1844 nsitail
584 1790 621 1845 act
629 1791 780 1861 perfectam
795 1789 880 1846 odda·
932 1784 995 1857 ipse
1006 1786 1198 1856 descendant
1209 1804 1359 1859 respersos
1371 1805 1424 1844 nos
1439 1789 1592 1861 sanguine.
1609 1793 1638 1844 et
1654 1805 1755 1862 pecca·

53 1882 92 1936 cit
117 1878 163 1934 lea
186 1879 284 1948 (naor.
300 1881 360 1950 vn),
383 1878 428 1935 lex
444 1878 610 1951 evangelica
636 1896 693 1934 non
708 1878 809 1936 volens
826 1879 879 1936 hoc
931 1879 1030 1932 torum
1039 1876 1755 1949 madentescruore,quiomnemsubstantiamex-

53 1968 150 2024 claudi
167 1967 272 2037 limite,
284 1969 469 2025 transcendit
483 1973 658 2040 praeceptum
676 1968 759 2041 legis,
775 1985 878 2026 amans
932 1966 1167 2037 penderemusin
1179 1967 1319 2038 medicos,
1337 1971 1416 2023 tactu
1432 1968 1552 2023 tlmhrle
1569 1985 1628 2024 sua
1640 1969 1755 2025 sanavit

53 2058 201 2126 inimicos,
218 2059 331 2114 athene
347 2058 457 2113 taciens
473 2057 578 2130 hisqui
593 2058 876 2130 oderuntsetttattlv.
931 2053 1007 2126 (tac.
1039 2055 1110 2127 vin).
1141 2055 1261 2112 Sanavit
1288 2060 1386 2112 autem
1402 2056 1577 2126 incivitate,
1593 2057 1752 2114 hocestin

51 2147 180 2217 v).Videa
198 2163 266 2217 ergo
278 2148 354 2219 quod
371 2147 496 2203 breviter
512 2152 671 2218 utrumque
687 2145 877 2204 Ecclesiastes
932 2144 1042 2198 mundo
1058 2144 1124 2210 islo,
1147 2148 1175 2199 ot
1198 2144 1372 2201 confortavit
1387 2146 1558 2216 sapientem.
1575 2145 1658 2201 Omni
1671 2148 1748 2202 enim

54 2239 217 2294 adnotavit.
232 2238 569 2294 Cumdicitossebonum
585 2238 876 2309 sustentarijuatum,
931 2231 981 2303 aaa·
1001 2232 1080 2289 trahet
1095 2233 1219 2304 dubitur,
1235 2238 1262 2290 et
1274 2233 1428 2306 adjicietur
1441 2236 1469 2290 ci
1482 2236 1560 2305 (Lac.
1584 2236 1653 2306 ιιιι).
1678 2235 1753 2300 Quia

51 2328 200 2383 consentit
214 2327 268 2400 legi
278 2328 348 2400 quia
363 2328 503 2396 honaest,
514 2328 807 2397 donansbonajusto.
820 2330 877 2384 Lex
931 2327 1029 2378 sutem
1046 2323 1172 2396 indiguit
1187 2324 1273 2381 humo
1290 2323 1403 2396 positus
1419 2324 1448 2379 in
1467 2325 1593 2396 peccatis
1606 2329 1635 2381 et
1648 2324 1753 2395 infixas

52 2434 117 2489 qaas
143 2417 207 2473 odit
231 2417 384 2472 inimicum
410 2433 508 2481 suom,
536 2416 627 2471 nescit
644 2417 743 2489 utiquo
759 2433 878 2488 parcere
931 2415 961 2468 in
976 2414 1043 2468 tineo
1058 2415 1190 2484 arrotanti
1205 2414 1292 2486 (Paul.
1316 2417 1413 2487 savin)
1439 2415 1542 2487 majori
1565 2414 1685 2484 auxilio,
1705 2415 1753 2471 id·

52 2507 194 2578 peccanti.
214 2507 271 2561 lloc
287 2511 332 2562 est
346 2507 423 2578 qood
436 2510 465 2561 et
482 2506 588 2562 Paulus
599 2505 751 2577 apostolus
771 2507 807 2561 ad
823 2507 876 2561 Ti·
931 2503 1008 2558 circo
1023 2504 1103 2559 venit
1124 2503 1185 2585 ipsa
1201 2503 1361 2576 Sapientia.
1378 2504 1433 2561 Sed
1450 2505 1500 2577 qui
1522 2505 1605 2561 nobis
1620 2507 1656 2562 de
1671 2504 1754 2563 coele·

53 2597 205 2652 matheum
222 2596 386 2660 confirmat,
401 2596 513 2663 dicens,
523 2595 592 2667 paracl
604 2596 675 2650 bona
685 2595 720 2650 sit
733 2594 779 2651 tea
789 2595 877 2666 quiea
932 2592 1091 2648 stibuslsta
1100 2592 1226 2648 rimari?
1240 2596 1458 2649 Descendamua
1475 2595 1639 2665 adterram,
1657 2597 1755 2652 redea-

49 2688 177 2759 tepitimc
200 2687 291 2741 utitur
315 2686 338 2756 (l
355 2685 422 2741 Tim.
439 2685 496 2756 111).
514 2685 571 2740 Lea
592 2702 648 2740 nou
674 2690 720 2741 est
742 2685 876 2758 imposita
932 2681 1755 2756 musadnos.lncoeloquidquaerithomoquodinse
1855 2654 1896 2706 «Ι

41 2777 137 2848 justu,
149 2775 200 2830 sed
212 2774 325 2846 iniquo.
347 2777 453 2830 iustus
466 2774 665 2845 ergolibenter
676 2780 705 2830 et
715 2780 877 2847 spontanee
931 2770 1086 2827 contineat
1101 2772 1217 2846 Physici
1240 2774 1319 2829 enim
1336 2773 1484 2846 principes
1496 2774 1590 2844 urhis,
1605 2780 1634 2831 et
1650 2775 1753 2833 urbem

50 2869 200 2937 oporatur,
212 2864 289 2937 quod
303 2863 439 2936 iniquum
456 2865 532 2936 cogit
543 2881 595 2919 sua
610 2863 664 2920 lex.
682 2864 764 2928 Quod
775 2869 873 2920 autern
931 2859 1138 2933 sicaocipiunt.
1151 2864 1243 2918 Homo
1256 2863 1356 2919 minor
1366 2864 1496 2919 mundns
1511 2868 1678 2936 exquatuor
1688 2880 1755 2921 cun·

48 2953 185 3026 sequitur
197 2953 252 3009 :Ne
261 2951 387 3008 retrahas
397 2969 512 3007 moriam
521 2956 598 3008 taum
613 2952 735 3024 ajusto,
747 2952 802 3010 hoc
813 2970 875 3024 per·
931 2952 1013 3005 stans
1024 2949 1192 3019 elementis,
1209 2950 1310 3007 civitas
1321 2956 1375 3024 est,
1385 2958 1414 3008 ct
1429 2953 1492 3025 ipse
1507 2953 1542 3009 de
1557 2968 1588 3008 se
1604 2952 1754 3027 principes

46 3044 133 3099 tectio
159 3046 204 3097 cst
219 3040 391 3114 evangelicae
408 3041 517 3114 gratie.
536 3042 590 3099 Lex
605 3042 752 3114 ducangelii
766 3042 874 3098 millies
930 3040 1608 3115 dahitdecemcivitati.[leuemquippcmembra
1619 3047 1752 3101 nostrum

45 3133 178 3208 ignescit
190 3132 332 3203 peccanti,
349 3137 377 3188 et
388 3131 498 3188 centies
510 3130 629 3203 millies,
645 3132 875 3205 atquesicutho·
893 3105 919 3173 G
935 3147 1042 3202 corpus
1057 3131 1087 3185 iu
1107 3129 1199 3187 altum
1216 3131 1386 3202 sustollunt,
1403 3132 1461 3188 duo
1474 3131 1610 3189 videlicet
1624 3132 1753 3204 articuli,

49 3225 97 3280 nis
111 3223 155 3278 vel
173 3222 260 3278 malis
280 3221 368 3277 datur
382 3220 579 3278 communiter
594 3237 666 3276 usus
681 3221 763 3290 salis,
780 3222 867 3290 aeris,
929 3237 990 3293 pes,
1008 3237 1085 3288 crus,
1098 3237 1180 3290 coxa,
1193 3221 1340 3294 pudenda,
1357 3226 1467 3293 venter,
1482 3226 1593 3294 pectus,
1611 3221 1689 3293 iaux,
1702 3241 1752 3280 cu·

48 3313 137 3386 ignis,
153 3329 246 3384 aquae,
263 3316 345 3367 terra
366 3315 395 3366 et
414 3310 528 3381 pluvia,
545 3312 584 3366 ita
598 3310 735 3366 omnihus
749 3310 871 3383 porrigit
925 3316 987 3383 put,
1001 3311 1078 3382 quod
1095 3310 1206 3366 eminet
1221 3310 1251 3365 in
1267 3327 1333 3367 arce
1348 3310 1486 3367 civitatis.
1499 3313 1559 3368 leta
1574 3329 1626 3385 pro
1642 3313 1748 3385 priuci-

49 3397 870 3472 manumpietatis.Sijustuspeccandoexorbitaveritad
926 3396 1013 3470 pibus
1036 3396 1086 3451 dat
1112 3396 1217 3466 cuique
1246 3412 1308 3452 suas
1322 3396 1400 3453 Deus
1415 3397 1554 3456 civitatis.
1575 3398 1684 3455 Pedum
1698 3399 1744 3455 di-

48 3487 871 3564 tempus,nooretrahesmanummisericordiaeahillo:
926 3484 978 3559 gili
1008 3484 1119 3552 dacem,
1144 3489 1173 3539 et
1201 3484 1321 3541 totidem
1337 3501 1490 3553 manuum,
1513 3485 1600 3558 quale
1615 3489 1748 3546 decusat

49 3584 181 3638 Dominae
199 3583 276 3637 enim
297 3578 382 3651 eripit
406 3579 497 3645 elisos,
512 3578 645 3633 Dominus
667 3576 761 3648 atilipit
784 3578 873 3648 justos
926 3573 1751 3648 quantumprastantmunimcuatusum,prlncipibuaque
1849 3582 1852 3587 '

49 3671 134 3743 (Paat.
151 3674 240 3737 cxcv).
251 3669 287 3724 Ut
301 3684 369 3739 ergo
377 3669 492 3739 justum
508 3681 625 3722 revoces
640 3672 796 3732 errantem,
807 3665 874 3722 imi·
927 3662 1055 3720 civitatis
1071 3677 1122 3733 per
1134 3665 1269 3718 naturam
1286 3661 1454 3734 triplicatis,
1472 3663 1563 3719 tutior
1577 3664 1633 3719 ibit
1649 3664 1750 3736 homo,

47 3766 109 3815 tere
125 3757 409 3829 elephantem,quisi
428 3755 585 3828 aliquando
600 3755 706 3811 viderit
720 3755 871 3812 homiuem
927 3760 1014 3824 atque
1025 3755 1165 3823 tanquam
1178 3751 1398 3824 potentissimus
1408 3751 1751 3826 Davidhahehittrissinta

48 3853 208 3916 errantem,
232 3848 401 3918 miseretur,
417 3852 506 3918 atque
519 3846 686 3918 precedens
700 3851 872 3919 sequentem
928 3841 1017 3898 tontes
1041 3843 1143 3896 contra
1165 3855 1267 3896 omnes
1282 3838 1372 3895 animi
1397 3839 1498 3896 hostes
1513 3840 1549 3912 (ll
1564 3841 1626 3912 ltep.
1653 3843 1747 3914 narii).

49 3937 86 3993 ad
101 3938 177 3992 viam
196 3941 320 3993 revocat.
928 3929 1104 4002 Superistos
1117 3927 1275 4001 principes,
1289 3945 1377 4001 super
1391 3929 1463 3985 istos
1473 3930 1502 3984 ln
1519 3946 1637 4001 corpore
1654 3947 1752 4002 proce·

84 4027 170 4085 vens.
186 4027 231 4092 20,
260 4028 304 4083 21.
321 4057 355 4068 -
371 4025 516 4098 Sapientia
531 4026 699 4098 confortavit
717 4024 872 4096 sapientem
928 4036 975 4076 res
989 4018 1382 4091 solnsspientiasapieatem
1394 4019 1550 4090 coniectat,
1563 4019 1752 4092 nedesperet,

49 4134 134 4189 saper
148 4116 240 4173 decem
265 4117 406 4189 principes
427 4115 560 4173 civitatis.
574 4118 636 4171 Noa
652 4120 692 4171 cst
705 4118 781 4170 enim
795 4116 874 4171 homo
928 4125 962 4167 ao
975 4110 1053 4181 qnod
1070 4125 1128 4165 non
1144 4108 1183 4165 sit
1195 4109 1223 4164 in
1235 4113 1312 4164 terra
1322 4107 1519 4180 homolustus
1534 4109 1584 4180 qui
1602 4108 1689 4165 iaciat
1703 4110 1751 4166 ho-

48 4210 137 4279 y'astna
151 4209 181 4262 in
192 4213 279 4275 terro,
297 4209 346 4278 qai
360 4206 576 4277 tantationum,
591 4214 617 4262 ct
629 4222 688 4260 non
701 4208 800 4276 peccet.
818 4205 872 4261 Su·
928 4214 1011 4267 uum,
1021 4203 1049 4254 et
1064 4215 1121 4254 non
1134 4201 1243 4270 peccet.
1260 4197 1316 4253 Sed
1328 4197 1379 4269 qui
1392 4213 1443 4270 per
1450 4197 1625 4270 sapientiam
1636 4199 1751 4254 contor-

51 4297 231 4370 pradiaerat,
244 4301 272 4352 et
286 4295 684 4353 domesticisatalienishene
694 4311 758 4353 esse
768 4294 874 4350 taoien·
928 4292 1007 4344 tatus
1022 4286 1237 4356 erit‚seususet
1251 4285 1467 4358 corporisartus
1479 4285 1644 4359 principum
1655 4287 1751 4343 nomi-

49 4388 131 4442 dum.
159 4387 274 4443 Poterat
288 4403 356 4458 ergo
373 4386 480 4459 aliquis
495 4387 681 4458 respondere.
696 4386 724 4441 Sl
735 4385 874 4442 omnibus
928 4394 977 4444 ne,
1006 4394 1080 4450 quos
1095 4376 1143 4432 hic
1160 4375 1349 4433 Ecclesiastes
1365 4375 1536 4443 nominavit,
1552 4375 1594 4431 ita
1609 4380 1701 4449 regat,
1718 4381 1751 4433 ut

50 4475 123 4531 hene
153 4476 246 4532 facere
262 4473 390 4545 voluero,
406 4491 465 4531 non
485 4474 578 4532 haheo
593 4475 669 4530 unde
685 4473 801 4541 faciam,
818 4489 871 4530 neo
886 4476 910 4543 Ι)
926 4473 1028 4543 regnet
1042 4466 1227 4540 sapientiain
1238 4466 1353 4523 civitate
1369 4466 1475 4523 cordis.
1494 4466 1546 4522 lsti
1561 4465 1709 4540 principes
1721 4466 1751 4525 in

50 4569 145 4637 potest
152 4565 251 4635 justas
264 4568 361 4619 tantas
371 4563 480 4620 hahere
491 4564 618 4633 divitias,
629 4580 693 4636 que
704 4563 799 4619 solent
810 4580 872 4621 rna·
929 4561 1058 4633 corporis
1072 4560 1141 4616 urhe
1152 4561 1295 4630 potentes,
1306 4557 1329 4612 si
1342 4555 1443 4612 volunt
1457 4561 1559 4612 contra
1569 4561 1697 4614 mentem
1707 4557 1752 4614 ui·

49 4654 720 4727 gispeccatoribusabundare.Proptcreanuuc
730 4653 874 4719 aitzouos
929 4652 985 4708 mis
1000 4666 1064 4707 esse
1080 4653 1222 4721 potentes,
1251 4651 1354 4703 contra
1367 4645 1433 4703 illos
1449 4646 1592 4719 sapientia
1606 4648 1752 4704 confortat

50 4760 109 4799 non
125 4749 209 4816 potes
226 4744 323 4813 rebus,
335 4743 458 4799 consilio
469 4743 586 4814 adjuva,
600 4742 705 4799 solatio
715 4742 789 4799 love.
804 4741 875 4799 Plus
929 4738 1288 4814 sapientem‚utreprimat
1299 4737 1429 4793 mamhra
1444 4735 1597 4809 regnantia
1608 4737 1748 4808 potentis,

50 4833 128 4889 anim
141 4840 237 4907 pateat
247 4833 276 4888 iu
290 4835 428 4905 augustia
443 4833 601 4888 constituto
612 4835 751 4904 praecare
761 4832 875 4905 sapien·
929 4837 958 4889 et
972 4834 1058 4903 cogat
1069 4830 1188 4885 subacta
1204 4827 1311 4883 servire
1324 4826 1447 4899 Spiritui
1464 4829 1576 4883 sancto.

50 4921 103 4988 tia,
119 4940 208 4995 qnam
225 4923 363 4994 quaelihet
375 4922 510 4978 inanimae
525 4924 695 4994 potestates.
713 4921 748 4978 Et
763 4921 819 4978 hoc
833 4922 875 4995 ip·
963 4919 1051 4977 Vens.
1065 4919 1112 4985 22,
1124 4919 1169 4974 23.
1182 4947 1216 4958 -
1231 4917 1316 4973 Sedet
1329 4915 1433 4972 cunctis
1447 4915 1629 4983 sermonibus,
1644 4919 1694 4989 qai
1708 4917 1751 4973 di·

50 5029 116 5070 sum
131 5029 197 5068 cum
207 5012 363 5085 prudentia
384 5012 729 5084 tacito.Grandisquippe
744 5010 874 5084 lihrnJu·
927 5019 1076 5078 concanae
1085 5006 1269 5064 accommodes
1283 5021 1329 5062 cor
1346 5010 1436 5076 taam,
1451 5006 1677 5078 nesurtcandiaa
1691 5024 1751 5065 scr·

49 5102 203 5168 stitiaeest,
216 5108 244 5157 et
259 5102 316 5169 cui,
330 5106 526 5174 stqnantum,
540 5101 872 5174 etquandiu,etqusle.
927 5116 992 5156 anm
1018 5103 1097 5154 tuum
1112 5096 1319 5152 maledicentem
1334 5094 1405 5162 aaa
1421 5097 1471 5150 scit
1492 5098 1566 5151 enim
1581 5099 1751 5154 conscientia

48 5192 94 5247 vel
110 5192 188 5258 inre,
198 5191 242 5246 vel
252 5190 282 5245 in
297 5192 420 5247 consilio
431 5190 570 5247 tribuere.
584 5195 685 5247 Decem
697 5191 875 5263 igiturprin-
928 5197 990 5258 tua,
1004 5189 1071 5262 qaia
1086 5189 1110 5242 et
1139 5195 1169 5241 tu
1187 5184 1280 5241 crebra
1304 5183 1478 5239 maledixisti
1492 5185 1566 5240 otiis.
1582 5187 1652 5242 Plus
1668 5187 1752 5243 vanis

49 5279 166 5350 cipibus
187 5278 260 5336 hene
283 5281 410 5351 regimen
434 5280 516 5336 urhis
531 5280 675 5348 convenit,
691 5281 746 5338 hoc
761 5285 806 5338 est
821 5282 874 5338 lic-
929 5275 1212 5347 sermonibusquam
1223 5273 1318 5329 ventis
1329 5289 1378 5328 aer
1392 5273 1538 5343 tunditur,
1554 5273 1750 5346 ettctprocel·

51 5367 158 5432 alesia,
176 5369 316 5439 quonism
330 5368 429 5424 decern
445 5370 556 5441 gradus
572 5369 601 5425 in
618 5369 747 5428 Ecclesia
761 5372 875 5428 contor-
928 5369 1007 5424 lusos
1022 5382 1080 5422 non
1091 5365 1179 5421 sentit
1191 5362 1418 5421 terratumultus
1433 5363 1749 5418 concussoaeremulto

53 5465 118 5516 tant
143 5460 317 5531 sapientem.
344 5459 395 5514 llst
421 5461 499 5515 enim
527 5460 676 5533 ostiarius,
697 5460 799 5530 lector,
825 5478 872 5518 ex·
927 5450 1750 5527 ventorumturbine,quotnrotuahomopstitnrjaotstus

51 5551 168 5623 arcista,
183 5548 346 5621 acolythus,
362 5549 570 5620 subdiaconus,
583 5551 736 5622 diaconus,
753 5550 872 5624 presby·
927 5546 958 5604 in
975 5540 1471 5614 altocordisnaufragio,cumauris
1487 5538 1632 5595 adomnia
1642 5539 1746 5610 prurit.
