<?xml version="1.0" encoding="UTF-8"?>
<!DOCTYPE html PUBLIC "-//W3C//DTD XHTML 1.0 Transitional//EN"
    "http://www.w3.org/TR/xhtml1/DTD/xhtml1-transitional.dtd">
<html xmlns="http://www.w3.org/1999/xhtml" xml:lang="en" lang="en">
 <head>
  <title>
</title>
<meta http-equiv="Content-Type" content="text/html;charset=utf-8" />
  <meta name='ocr-system' content='tesseract 3.04.00' />
  <meta name='ocr-capabilities' content='ocr_page ocr_carea ocr_par ocr_line ocrx_word'/>
</head>
<body>
  <div class='ocr_page' id='page_1' title='image "./patrologiaecurs14goog_0209.png"; bbox 0 0 3826 6014; ppageno 0'>
   <div class='ocr_carea' id='block_1_1' title="bbox 165 205 1871 299">
    <p class='ocr_par' dir='ltr' id='par_1_1' title="bbox 165 205 1871 299">
     <span class='ocr_line' id='line_1_1' title="bbox 165 205 1871 299; baseline -0.006 -1"><span class='ocrx_word' id='word_1_1' title='bbox 165 234 224 299; x_wconf 78' lang='lat' dir='ltr'><strong>aas</strong></span> <span class='ocrx_word' id='word_1_2' title='bbox 698 205 869 293; x_wconf 82' lang='lat' dir='ltr'><strong>uernam</strong></span> <span class='ocrx_word' id='word_1_3' title='bbox 891 226 1059 291; x_wconf 77' lang='lat' dir='ltr'><strong>taetris</strong></span> <span class='ocrx_word' id='word_1_4' title='bbox 1083 225 1319 291; x_wconf 84' lang='lat' dir='ltr'><strong>rnrrrausrs.</strong></span> <span class='ocrx_word' id='word_1_5' title='bbox 1808 229 1871 289; x_wconf 80' lang='lat' dir='ltr'><strong>ror</strong></span> 
     </span>
    </p>
   </div>
   <div class='ocr_carea' id='block_1_2' title="bbox 85 358 1873 1796">
    <p class='ocr_par' dir='ltr' id='par_1_2' title="bbox 85 358 1873 1796">
     <span class='ocr_line' id='line_1_2' title="bbox 169 358 1870 440; baseline -0.005 -15"><span class='ocrx_word' id='word_1_6' title='bbox 169 371 199 425; x_wconf 90' lang='lat' dir='ltr'><strong>in</strong></span> <span class='ocrx_word' id='word_1_7' title='bbox 215 365 311 440; x_wconf 88' lang='lat' dir='ltr'><strong>specie</strong></span> <span class='ocrx_word' id='word_1_8' title='bbox 325 363 476 431; x_wconf 85' lang='lat' dir='ltr'><strong>columbe,</strong></span> <span class='ocrx_word' id='word_1_9' title='bbox 493 360 641 435; x_wconf 88' lang='lat' dir='ltr'><strong>simulque</strong></span> <span class='ocrx_word' id='word_1_10' title='bbox 656 367 831 436; x_wconf 74' lang='lat' dir='ltr'><strong>personante</strong></span> <span class='ocrx_word' id='word_1_11' title='bbox 852 379 920 420; x_wconf 92' lang='lat' dir='ltr'><strong>voce</strong></span> <span class='ocrx_word' id='word_1_12' title='bbox 935 362 986 417; x_wconf 87' lang='lat' dir='ltr'><strong>Pa·</strong></span> <span class='ocrx_word' id='word_1_13' title='bbox 1003 359 1159 431; x_wconf 71' lang='lat' dir='ltr'><strong>ACbristo</strong></span> <span class='ocrx_word' id='word_1_14' title='bbox 1181 378 1233 434; x_wconf 91' lang='lat' dir='ltr'><strong>pro</strong></span> <span class='ocrx_word' id='word_1_15' title='bbox 1263 358 1403 417; x_wconf 90' lang='lat' dir='ltr'><strong>fratribus</strong></span> <span class='ocrx_word' id='word_1_16' title='bbox 1431 359 1494 416; x_wconf 89' lang='lat' dir='ltr'><strong>suis</strong></span> <span class='ocrx_word' id='word_1_17' title='bbox 1522 360 1612 432; x_wconf 81' lang='lat' dir='ltr'><strong>(Ram.</strong></span> <span class='ocrx_word' id='word_1_18' title='bbox 1635 360 1684 431; x_wconf 79' lang='lat' dir='ltr'><strong>ra),</strong></span> <span class='ocrx_word' id='word_1_19' title='bbox 1709 358 1752 416; x_wconf 91' lang='lat' dir='ltr'><strong>sie</strong></span> <span class='ocrx_word' id='word_1_20' title='bbox 1767 365 1796 416; x_wconf 90' lang='lat' dir='ltr'><strong>et</strong></span> <span class='ocrx_word' id='word_1_21' title='bbox 1813 360 1870 416; x_wconf 79' lang='lat' dir='ltr'><strong>iste</strong></span> 
     </span>
     <span class='ocr_line' id='line_1_3' title="bbox 170 449 1868 525; baseline -0.004 -11"><span class='ocrx_word' id='word_1_22' title='bbox 170 456 242 514; x_wconf 89' lang='lat' dir='ltr'><strong>tris:</strong></span> <span class='ocrx_word' id='word_1_23' title='bbox 262 450 547 510; x_wconf 71' lang='lat' dir='ltr'><strong>llioeetfiliarmear</strong></span> <span class='ocrx_word' id='word_1_24' title='bbox 566 450 691 521; x_wconf 78' lang='lat' dir='ltr'><strong>dilectus,</strong></span> <span class='ocrx_word' id='word_1_25' title='bbox 715 454 745 508; x_wconf 85' lang='lat' dir='ltr'><strong>in</strong></span> <span class='ocrx_word' id='word_1_26' title='bbox 768 467 821 525; x_wconf 82' lang='lat' dir='ltr'><strong>quo</strong></span> <span class='ocrx_word' id='word_1_27' title='bbox 835 451 905 507; x_wconf 84' lang='lat' dir='ltr'><strong>mibi</strong></span> <span class='ocrx_word' id='word_1_28' title='bbox 926 452 992 506; x_wconf 84' lang='lat' dir='ltr'><strong>bene</strong></span> <span class='ocrx_word' id='word_1_29' title='bbox 1045 449 1143 506; x_wconf 88' lang='lat' dir='ltr'><strong>taliter</strong></span> <span class='ocrx_word' id='word_1_30' title='bbox 1154 450 1291 523; x_wconf 89' lang='lat' dir='ltr'><strong>fugiendo</strong></span> <span class='ocrx_word' id='word_1_31' title='bbox 1302 467 1360 507; x_wconf 91' lang='lat' dir='ltr'><strong>non</strong></span> <span class='ocrx_word' id='word_1_32' title='bbox 1370 449 1531 523; x_wconf 89' lang='lat' dir='ltr'><strong>displicuit,</strong></span> <span class='ocrx_word' id='word_1_33' title='bbox 1541 450 1619 522; x_wconf 89' lang='lat' dir='ltr'><strong>quod</strong></span> <span class='ocrx_word' id='word_1_34' title='bbox 1631 449 1757 506; x_wconf 86' lang='lat' dir='ltr'><strong>maxime</strong></span> <span class='ocrx_word' id='word_1_35' title='bbox 1769 466 1868 507; x_wconf 89' lang='lat' dir='ltr'><strong>rerum</strong></span> 
     </span>
     <span class='ocr_line' id='line_1_4' title="bbox 169 537 1868 617; baseline -0.004 -16"><span class='ocrx_word' id='word_1_36' title='bbox 169 541 326 617; x_wconf 77' lang='lat' dir='ltr'><em>complacui</em></span> <span class='ocrx_word' id='word_1_37' title='bbox 336 541 411 613; x_wconf 78' lang='lat' dir='ltr'><strong>(tac.</strong></span> <span class='ocrx_word' id='word_1_38' title='bbox 425 538 581 613; x_wconf 66' lang='lat' dir='ltr'><strong>rutinae,</strong></span> <span class='ocrx_word' id='word_1_39' title='bbox 592 539 725 613; x_wconf 86' lang='lat' dir='ltr'><strong>inquam,</strong></span> <span class='ocrx_word' id='word_1_40' title='bbox 736 546 764 598; x_wconf 89' lang='lat' dir='ltr'><strong>et</strong></span> <span class='ocrx_word' id='word_1_41' title='bbox 775 541 871 598; x_wconf 89' lang='lat' dir='ltr'><strong>taliter</strong></span> <span class='ocrx_word' id='word_1_42' title='bbox 881 541 989 596; x_wconf 90' lang='lat' dir='ltr'><strong>factum</strong></span> <span class='ocrx_word' id='word_1_43' title='bbox 1046 540 1141 596; x_wconf 80' lang='lat' dir='ltr'><strong>eritas</strong></span> <span class='ocrx_word' id='word_1_44' title='bbox 1156 540 1368 612; x_wconf 72' lang='lat' dir='ltr'><strong>comprobavit.</strong></span> <span class='ocrx_word' id='word_1_45' title='bbox 1384 539 1456 607; x_wconf 86' lang='lat' dir='ltr'><strong>Quis</strong></span> <span class='ocrx_word' id='word_1_46' title='bbox 1470 537 1548 595; x_wconf 91' lang='lat' dir='ltr'><strong>euim</strong></span> <span class='ocrx_word' id='word_1_47' title='bbox 1562 538 1694 596; x_wconf 90' lang='lat' dir='ltr'><strong>omnium</strong></span> <span class='ocrx_word' id='word_1_48' title='bbox 1710 539 1868 612; x_wconf 87' lang='lat' dir='ltr'><strong>propheta-</strong></span> 
     </span>
     <span class='ocr_line' id='line_1_5' title="bbox 169 628 1869 704; baseline -0.005 -12"><span class='ocrx_word' id='word_1_49' title='bbox 169 634 264 693; x_wconf 91' lang='lat' dir='ltr'><strong>estad</strong></span> <span class='ocrx_word' id='word_1_50' title='bbox 280 630 478 690; x_wconf 90' lang='lat' dir='ltr'><strong>eumverbum</strong></span> <span class='ocrx_word' id='word_1_51' title='bbox 494 630 621 700; x_wconf 82' lang='lat' dir='ltr'><strong>Domini,</strong></span> <span class='ocrx_word' id='word_1_52' title='bbox 639 629 991 704; x_wconf 87' lang='lat' dir='ltr'><strong>quemadmodnmetipse</strong></span> <span class='ocrx_word' id='word_1_53' title='bbox 1046 646 1112 686; x_wconf 90' lang='lat' dir='ltr'><strong>rum</strong></span> <span class='ocrx_word' id='word_1_54' title='bbox 1129 634 1211 687; x_wconf 88' lang='lat' dir='ltr'><strong>tanto</strong></span> <span class='ocrx_word' id='word_1_55' title='bbox 1225 630 1407 704; x_wconf 86' lang='lat' dir='ltr'><strong>glorificatus</strong></span> <span class='ocrx_word' id='word_1_56' title='bbox 1422 628 1631 700; x_wconf 88' lang='lat' dir='ltr'><strong>estmiraculo,</strong></span> <span class='ocrx_word' id='word_1_57' title='bbox 1658 636 1715 684; x_wconf 88' lang='lat' dir='ltr'><strong>tam</strong></span> <span class='ocrx_word' id='word_1_58' title='bbox 1740 629 1869 685; x_wconf 89' lang='lat' dir='ltr'><strong>mirabili</strong></span> 
     </span>
     <span class='ocr_line' id='line_1_6' title="bbox 85 715 1870 796; baseline -0.003 -14"><span class='ocrx_word' id='word_1_59' title='bbox 85 715 88 719; x_wconf 44' lang='lat'>¹</span> <span class='ocrx_word' id='word_1_60' title='bbox 170 741 220 782; x_wconf 90' lang='lat' dir='ltr'><strong>ore</strong></span> <span class='ocrx_word' id='word_1_61' title='bbox 237 722 354 796; x_wconf 90' lang='lat' dir='ltr'><strong>proprio</strong></span> <span class='ocrx_word' id='word_1_62' title='bbox 373 719 580 776; x_wconf 88' lang='lat' dir='ltr'><strong>confirmavit:</strong></span> <span class='ocrx_word' id='word_1_63' title='bbox 599 721 713 777; x_wconf 81' lang='lat' dir='ltr'><strong>Venient</strong></span> <span class='ocrx_word' id='word_1_64' title='bbox 723 720 832 794; x_wconf 90' lang='lat' dir='ltr'><strong>quippe</strong></span> <span class='ocrx_word' id='word_1_65' title='bbox 846 721 990 790; x_wconf 85' lang='lat' dir='ltr'><strong>Nanaretn,</strong></span> <span class='ocrx_word' id='word_1_66' title='bbox 1046 718 1154 776; x_wconf 77' lang='lat' dir='ltr'><strong>Christi</strong></span> <span class='ocrx_word' id='word_1_67' title='bbox 1166 724 1290 777; x_wconf 90' lang='lat' dir='ltr'><strong>mortem</strong></span> <span class='ocrx_word' id='word_1_68' title='bbox 1306 724 1395 792; x_wconf 89' lang='lat' dir='ltr'><strong>atque</strong></span> <span class='ocrx_word' id='word_1_69' title='bbox 1415 719 1657 775; x_wconf 75' lang='lat' dir='ltr'><strong>resurrectionem</strong></span> <span class='ocrx_word' id='word_1_70' title='bbox 1682 717 1870 790; x_wconf 78' lang='lat' dir='ltr'><strong>presignavit</strong></span> 
     </span>
     <span class='ocr_line' id='line_1_7' title="bbox 169 807 1871 884; baseline -0.002 -14"><span class='ocrx_word' id='word_1_71' title='bbox 169 815 220 870; x_wconf 86' lang='lat' dir='ltr'><strong>adi</strong></span> <span class='ocrx_word' id='word_1_72' title='bbox 234 816 295 868; x_wconf 88' lang='lat' dir='ltr'><strong>erat</strong></span> <span class='ocrx_word' id='word_1_73' title='bbox 308 811 441 880; x_wconf 78' lang='lat' dir='ltr'><strong>nutritus,</strong></span> <span class='ocrx_word' id='word_1_74' title='bbox 464 807 582 864; x_wconf 87' lang='lat' dir='ltr'><strong>intravit</strong></span> <span class='ocrx_word' id='word_1_75' title='bbox 606 809 991 866; x_wconf 81' lang='lat' dir='ltr'><strong>secundumconsuetudinem</strong></span> <span class='ocrx_word' id='word_1_76' title='bbox 1046 809 1178 883; x_wconf 79' lang='lat' dir='ltr'><strong>exemplo</strong></span> <span class='ocrx_word' id='word_1_77' title='bbox 1194 810 1313 884; x_wconf 79' lang='lat' dir='ltr'><strong>‘flgitur</strong></span> <span class='ocrx_word' id='word_1_78' title='bbox 1329 812 1407 883; x_wconf 88' lang='lat' dir='ltr'><strong>quod</strong></span> <span class='ocrx_word' id='word_1_79' title='bbox 1424 811 1482 867; x_wconf 87' lang='lat' dir='ltr'><strong>illis</strong></span> <span class='ocrx_word' id='word_1_80' title='bbox 1499 826 1556 866; x_wconf 90' lang='lat' dir='ltr'><strong>non</strong></span> <span class='ocrx_word' id='word_1_81' title='bbox 1573 809 1656 866; x_wconf 89' lang='lat' dir='ltr'><strong>valde</strong></span> <span class='ocrx_word' id='word_1_82' title='bbox 1671 809 1871 881; x_wconf 91' lang='lat' dir='ltr'><strong>vituperabili-</strong></span> 
     </span>
     <span class='ocr_line' id='line_1_8' title="bbox 127 898 1868 974; baseline 0.004 -21"><span class='ocrx_word' id='word_1_83' title='bbox 127 920 129 925; x_wconf 53' lang='lat'>&lt;</span> <span class='ocrx_word' id='word_1_84' title='bbox 170 898 992 971; x_wconf 73' lang='lat' dir='ltr'><strong>anamdieSablroiiinaynogopam,elrurrercitlegere,el</strong></span> <span class='ocrx_word' id='word_1_85' title='bbox 1044 905 1089 959; x_wconf 88' lang='lat' dir='ltr'><strong>ter</strong></span> <span class='ocrx_word' id='word_1_86' title='bbox 1100 900 1312 974; x_wconf 85' lang='lat' dir='ltr'><strong>fecitfugiendo</strong></span> <span class='ocrx_word' id='word_1_87' title='bbox 1333 903 1440 959; x_wconf 89' lang='lat' dir='ltr'><strong>afaoie</strong></span> <span class='ocrx_word' id='word_1_88' title='bbox 1462 901 1589 973; x_wconf 90' lang='lat' dir='ltr'><strong>Domini,</strong></span> <span class='ocrx_word' id='word_1_89' title='bbox 1605 901 1754 958; x_wconf 85' lang='lat' dir='ltr'><strong>Christum</strong></span> <span class='ocrx_word' id='word_1_90' title='bbox 1772 903 1868 960; x_wconf 88' lang='lat' dir='ltr'><strong>Domi·</strong></span> 
     </span>
     <span class='ocr_line' id='line_1_9' title="bbox 172 986 1871 1064; baseline 0.004 -22"><span class='ocrx_word' id='word_1_91' title='bbox 172 992 293 1049; x_wconf 78' lang='lat' dir='ltr'><strong>traditas·</strong></span> <span class='ocrx_word' id='word_1_92' title='bbox 307 993 348 1046; x_wconf 83' lang='lat' dir='ltr'><strong>eat</strong></span> <span class='ocrx_word' id='word_1_93' title='bbox 362 986 413 1044; x_wconf 83' lang='lat' dir='ltr'><strong>illi</strong></span> <span class='ocrx_word' id='word_1_94' title='bbox 426 987 498 1043; x_wconf 85' lang='lat' dir='ltr'><strong>liber</strong></span> <span class='ocrx_word' id='word_1_95' title='bbox 510 989 592 1043; x_wconf 74' lang='lat' dir='ltr'><strong>facire</strong></span> <span class='ocrx_word' id='word_1_96' title='bbox 607 989 756 1060; x_wconf 76' lang='lat' dir='ltr'><strong>prophetae.</strong></span> <span class='ocrx_word' id='word_1_97' title='bbox 773 990 810 1045; x_wconf 87' lang='lat' dir='ltr'><strong>El</strong></span> <span class='ocrx_word' id='word_1_98' title='bbox 824 993 856 1043; x_wconf 87' lang='lat' dir='ltr'><strong>ul</strong></span> <span class='ocrx_word' id='word_1_99' title='bbox 872 986 991 1044; x_wconf 81' lang='lat' dir='ltr'><strong>recoluit</strong></span> <span class='ocrx_word' id='word_1_100' title='bbox 1046 1008 1118 1048; x_wconf 88' lang='lat' dir='ltr'><strong>num</strong></span> <span class='ocrx_word' id='word_1_101' title='bbox 1129 991 1314 1049; x_wconf 69' lang='lat' dir='ltr'><strong>laudabiliter</strong></span> <span class='ocrx_word' id='word_1_102' title='bbox 1324 992 1438 1061; x_wconf 89' lang='lat' dir='ltr'><strong>fecisse,</strong></span> <span class='ocrx_word' id='word_1_103' title='bbox 1450 991 1548 1064; x_wconf 83' lang='lat' dir='ltr'><strong>aliquo</strong></span> <span class='ocrx_word' id='word_1_104' title='bbox 1560 991 1646 1048; x_wconf 90' lang='lat' dir='ltr'><strong>modo</strong></span> <span class='ocrx_word' id='word_1_105' title='bbox 1657 1007 1702 1048; x_wconf 87' lang='lat' dir='ltr'><strong>res</strong></span> <span class='ocrx_word' id='word_1_106' title='bbox 1714 992 1871 1049; x_wconf 87' lang='lat' dir='ltr'><strong>manifesta</strong></span> 
     </span>
     <span class='ocr_line' id='line_1_10' title="bbox 172 1077 1868 1153; baseline -0.003 -13"><span class='ocrx_word' id='word_1_107' title='bbox 172 1084 287 1151; x_wconf 83' lang='lat' dir='ltr'><strong>libram,</strong></span> <span class='ocrx_word' id='word_1_108' title='bbox 311 1079 419 1136; x_wconf 85' lang='lat' dir='ltr'><strong>invenit</strong></span> <span class='ocrx_word' id='word_1_109' title='bbox 443 1079 531 1134; x_wconf 89' lang='lat' dir='ltr'><strong>locam</strong></span> <span class='ocrx_word' id='word_1_110' title='bbox 560 1077 609 1134; x_wconf 83' lang='lat' dir='ltr'><strong>nbi</strong></span> <span class='ocrx_word' id='word_1_111' title='bbox 629 1083 689 1134; x_wconf 87' lang='lat' dir='ltr'><strong>erat</strong></span> <span class='ocrx_word' id='word_1_112' title='bbox 703 1079 836 1152; x_wconf 82' lang='lat' dir='ltr'><strong>scriplum</strong></span> <span class='ocrx_word' id='word_1_113' title='bbox 853 1078 992 1150; x_wconf 82' lang='lat' dir='ltr'><strong>:Spiritus</strong></span> <span class='ocrx_word' id='word_1_114' title='bbox 1046 1080 1152 1139; x_wconf 87' lang='lat' dir='ltr'><strong>innuit.</strong></span> <span class='ocrx_word' id='word_1_115' title='bbox 1173 1079 1246 1137; x_wconf 89' lang='lat' dir='ltr'><strong>Nam</strong></span> <span class='ocrx_word' id='word_1_116' title='bbox 1269 1080 1396 1138; x_wconf 92' lang='lat' dir='ltr'><strong>hicnon</strong></span> <span class='ocrx_word' id='word_1_117' title='bbox 1422 1081 1539 1153; x_wconf 90' lang='lat' dir='ltr'><strong>quidem</strong></span> <span class='ocrx_word' id='word_1_118' title='bbox 1564 1097 1615 1152; x_wconf 92' lang='lat' dir='ltr'><strong>per</strong></span> <span class='ocrx_word' id='word_1_119' title='bbox 1638 1080 1868 1137; x_wconf 89' lang='lat' dir='ltr'><strong>inobedientiam</strong></span> 
     </span>
     <span class='ocr_line' id='line_1_11' title="bbox 170 1167 1869 1242; baseline -0.003 -12"><span class='ocrx_word' id='word_1_120' title='bbox 170 1171 281 1230; x_wconf 80' lang='lat' dir='ltr'><strong>Domini</strong></span> <span class='ocrx_word' id='word_1_121' title='bbox 294 1185 376 1242; x_wconf 87' lang='lat' dir='ltr'><strong>super</strong></span> <span class='ocrx_word' id='word_1_122' title='bbox 389 1183 441 1237; x_wconf 87' lang='lat' dir='ltr'><strong>me,</strong></span> <span class='ocrx_word' id='word_1_123' title='bbox 456 1171 569 1239; x_wconf 85' lang='lat' dir='ltr'><strong>propter</strong></span> <span class='ocrx_word' id='word_1_124' title='bbox 590 1168 662 1241; x_wconf 81' lang='lat' dir='ltr'><strong>qaod</strong></span> <span class='ocrx_word' id='word_1_125' title='bbox 685 1167 768 1223; x_wconf 78' lang='lat' dir='ltr'><strong>anxit</strong></span> <span class='ocrx_word' id='word_1_126' title='bbox 788 1183 841 1235; x_wconf 90' lang='lat' dir='ltr'><strong>me,</strong></span> <span class='ocrx_word' id='word_1_127' title='bbox 857 1167 994 1238; x_wconf 72' lang='lat' dir='ltr'><strong>evacueti-</strong></span> <span class='ocrx_word' id='word_1_128' title='bbox 1047 1185 1177 1240; x_wconf 89' lang='lat' dir='ltr'><strong>unquam</strong></span> <span class='ocrx_word' id='word_1_129' title='bbox 1190 1169 1335 1242; x_wconf 88' lang='lat' dir='ltr'><strong>fugit,sed</strong></span> <span class='ocrx_word' id='word_1_130' title='bbox 1348 1168 1466 1242; x_wconf 86' lang='lat' dir='ltr'><strong>pietatis</strong></span> <span class='ocrx_word' id='word_1_131' title='bbox 1481 1168 1585 1225; x_wconf 88' lang='lat' dir='ltr'><strong>affectu</strong></span> <span class='ocrx_word' id='word_1_132' title='bbox 1595 1170 1869 1227; x_wconf 89' lang='lat' dir='ltr'><strong>condemnationem</strong></span> 
     </span>
     <span class='ocr_line' id='line_1_12' title="bbox 168 1253 1873 1332; baseline -0.002 -15"><span class='ocrx_word' id='word_1_133' title='bbox 168 1277 237 1317; x_wconf 86' lang='lat' dir='ltr'><strong>nare</strong></span> <span class='ocrx_word' id='word_1_134' title='bbox 248 1255 419 1332; x_wconf 76' lang='lat' dir='ltr'><strong>pauperibus</strong></span> <span class='ocrx_word' id='word_1_135' title='bbox 435 1257 511 1311; x_wconf 82' lang='lat' dir='ltr'><strong>misit</strong></span> <span class='ocrx_word' id='word_1_136' title='bbox 526 1273 582 1328; x_wconf 88' lang='lat' dir='ltr'><strong>me,</strong></span> <span class='ocrx_word' id='word_1_137' title='bbox 593 1255 749 1328; x_wconf 73' lang='lat' dir='ltr'><strong>predicare</strong></span> <span class='ocrx_word' id='word_1_138' title='bbox 765 1257 883 1328; x_wconf 78' lang='lat' dir='ltr'><strong>captivis</strong></span> <span class='ocrx_word' id='word_1_139' title='bbox 895 1253 991 1311; x_wconf 79' lang='lat' dir='ltr'><strong>remia·</strong></span> <span class='ocrx_word' id='word_1_140' title='bbox 1046 1259 1217 1331; x_wconf 73' lang='lat' dir='ltr'><strong>satagentis</strong></span> <span class='ocrx_word' id='word_1_141' title='bbox 1233 1259 1268 1314; x_wconf 91' lang='lat' dir='ltr'><strong>ad</strong></span> <span class='ocrx_word' id='word_1_142' title='bbox 1285 1263 1403 1332; x_wconf 89' lang='lat' dir='ltr'><strong>tempus</strong></span> <span class='ocrx_word' id='word_1_143' title='bbox 1419 1258 1539 1332; x_wconf 79' lang='lat' dir='ltr'><strong>refugit.</strong></span> <span class='ocrx_word' id='word_1_144' title='bbox 1555 1259 1656 1316; x_wconf 85' lang='lat' dir='ltr'><strong>Testes</strong></span> <span class='ocrx_word' id='word_1_145' title='bbox 1675 1263 1747 1316; x_wconf 88' lang='lat' dir='ltr'><strong>sunt</strong></span> <span class='ocrx_word' id='word_1_146' title='bbox 1761 1258 1817 1316; x_wconf 81' lang='lat' dir='ltr'><strong>illc</strong></span> <span class='ocrx_word' id='word_1_147' title='bbox 1833 1259 1873 1315; x_wconf 92' lang='lat' dir='ltr'><strong>la·</strong></span> 
     </span>
     <span class='ocr_line' id='line_1_13' title="bbox 168 1343 1872 1421; baseline -0.001 -14"><span class='ocrx_word' id='word_1_148' title='bbox 168 1351 284 1416; x_wconf 84' lang='lat' dir='ltr'><strong>sionem,</strong></span> <span class='ocrx_word' id='word_1_149' title='bbox 310 1345 463 1420; x_wconf 76' lang='lat' dir='ltr'><strong>praedicare</strong></span> <span class='ocrx_word' id='word_1_150' title='bbox 486 1361 592 1401; x_wconf 90' lang='lat' dir='ltr'><strong>annum</strong></span> <span class='ocrx_word' id='word_1_151' title='bbox 606 1345 718 1402; x_wconf 81' lang='lat' dir='ltr'><strong>Domini</strong></span> <span class='ocrx_word' id='word_1_152' title='bbox 732 1353 921 1418; x_wconf 72' lang='lat' dir='ltr'><strong>acceptumst</strong></span> <span class='ocrx_word' id='word_1_153' title='bbox 935 1343 992 1403; x_wconf 81' lang='lat' dir='ltr'><strong>baec</strong></span> <span class='ocrx_word' id='word_1_154' title='bbox 1047 1362 1151 1419; x_wconf 72' lang='lat' dir='ltr'><strong>crgmae</strong></span> <span class='ocrx_word' id='word_1_155' title='bbox 1167 1363 1242 1418; x_wconf 91' lang='lat' dir='ltr'><strong>quas</strong></span> <span class='ocrx_word' id='word_1_156' title='bbox 1258 1347 1345 1416; x_wconf 88' lang='lat' dir='ltr'><strong>fudit,</strong></span> <span class='ocrx_word' id='word_1_157' title='bbox 1362 1347 1458 1404; x_wconf 83' lang='lat' dir='ltr'><strong>videns</strong></span> <span class='ocrx_word' id='word_1_158' title='bbox 1473 1346 1614 1404; x_wconf 82' lang='lat' dir='ltr'><strong>civitatem</strong></span> <span class='ocrx_word' id='word_1_159' title='bbox 1639 1351 1667 1404; x_wconf 84' lang='lat' dir='ltr'><strong>et</strong></span> <span class='ocrx_word' id='word_1_160' title='bbox 1693 1352 1765 1404; x_wconf 90' lang='lat' dir='ltr'><strong>tteas</strong></span> <span class='ocrx_word' id='word_1_161' title='bbox 1788 1365 1872 1421; x_wconf 89' lang='lat' dir='ltr'><strong>super</strong></span> 
     </span>
     <span class='ocr_line' id='line_1_14' title="bbox 168 1434 1868 1511; baseline -0.002 -15"><span class='ocrx_word' id='word_1_162' title='bbox 168 1439 321 1511; x_wconf 75' lang='lat' dir='ltr'><strong>Scriptura,</strong></span> <span class='ocrx_word' id='word_1_163' title='bbox 339 1436 448 1508; x_wconf 91' lang='lat' dir='ltr'><strong>inquit,</strong></span> <span class='ocrx_word' id='word_1_164' title='bbox 465 1435 549 1492; x_wconf 85' lang='lat' dir='ltr'><strong>bodie</strong></span> <span class='ocrx_word' id='word_1_165' title='bbox 563 1434 677 1508; x_wconf 79' lang='lat' dir='ltr'><strong>impleta</strong></span> <span class='ocrx_word' id='word_1_166' title='bbox 695 1438 732 1491; x_wconf 79' lang='lat' dir='ltr'><strong>ert</strong></span> <span class='ocrx_word' id='word_1_167' title='bbox 757 1435 788 1491; x_wconf 89' lang='lat' dir='ltr'><strong>in</strong></span> <span class='ocrx_word' id='word_1_168' title='bbox 810 1435 924 1492; x_wconf 82' lang='lat' dir='ltr'><strong>naribos</strong></span> <span class='ocrx_word' id='word_1_169' title='bbox 945 1451 990 1491; x_wconf 87' lang='lat' dir='ltr'><strong>oc·</strong></span> <span class='ocrx_word' id='word_1_170' title='bbox 1047 1435 1139 1507; x_wconf 89' lang='lat' dir='ltr'><strong>illam,</strong></span> <span class='ocrx_word' id='word_1_171' title='bbox 1156 1440 1245 1508; x_wconf 89' lang='lat' dir='ltr'><strong>atque</strong></span> <span class='ocrx_word' id='word_1_172' title='bbox 1260 1435 1354 1493; x_wconf 78' lang='lat' dir='ltr'><strong>dicens</strong></span> <span class='ocrx_word' id='word_1_173' title='bbox 1377 1436 1510 1506; x_wconf 76' lang='lat' dir='ltr'><strong>:Quicni</strong></span> <span class='ocrx_word' id='word_1_174' title='bbox 1524 1437 1694 1506; x_wconf 79' lang='lat' dir='ltr'><strong>cognovisses</strong></span> <span class='ocrx_word' id='word_1_175' title='bbox 1708 1440 1735 1492; x_wconf 83' lang='lat' dir='ltr'><strong>et</strong></span> <span class='ocrx_word' id='word_1_176' title='bbox 1750 1445 1781 1494; x_wconf 86' lang='lat' dir='ltr'><strong>ta</strong></span> <span class='ocrx_word' id='word_1_177' title='bbox 1792 1438 1868 1510; x_wconf 82' lang='lat' dir='ltr'><strong>(tna.</strong></span> 
     </span>
     <span class='ocr_line' id='line_1_15' title="bbox 167 1524 1869 1599; baseline -0.001 -14"><span class='ocrx_word' id='word_1_178' title='bbox 167 1529 323 1598; x_wconf 82' lang='lat' dir='ltr'><strong>stris(toc.</strong></span> <span class='ocrx_word' id='word_1_179' title='bbox 348 1529 397 1599; x_wconf 82' lang='lat' dir='ltr'><strong>tv).</strong></span> <span class='ocrx_word' id='word_1_180' title='bbox 423 1525 505 1582; x_wconf 86' lang='lat' dir='ltr'><strong>Unde</strong></span> <span class='ocrx_word' id='word_1_181' title='bbox 526 1525 605 1598; x_wconf 87' lang='lat' dir='ltr'><strong>quod</strong></span> <span class='ocrx_word' id='word_1_182' title='bbox 627 1525 755 1598; x_wconf 89' lang='lat' dir='ltr'><strong>Spiritus</strong></span> <span class='ocrx_word' id='word_1_183' title='bbox 768 1531 888 1583; x_wconf 85' lang='lat' dir='ltr'><strong>sanctae</strong></span> <span class='ocrx_word' id='word_1_184' title='bbox 903 1543 992 1596; x_wconf 89' lang='lat' dir='ltr'><strong>super</strong></span> <span class='ocrx_word' id='word_1_185' title='bbox 1045 1524 1115 1597; x_wconf 80' lang='lat' dir='ltr'><strong>xix),</strong></span> <span class='ocrx_word' id='word_1_186' title='bbox 1141 1529 1169 1581; x_wconf 91' lang='lat' dir='ltr'><strong>et</strong></span> <span class='ocrx_word' id='word_1_187' title='bbox 1200 1529 1316 1582; x_wconf 84' lang='lat' dir='ltr'><strong>cetera.</strong></span> <span class='ocrx_word' id='word_1_188' title='bbox 1341 1526 1445 1593; x_wconf 87' lang='lat' dir='ltr'><strong>Testis,</strong></span> <span class='ocrx_word' id='word_1_189' title='bbox 1465 1526 1597 1597; x_wconf 88' lang='lat' dir='ltr'><strong>inquam,</strong></span> <span class='ocrx_word' id='word_1_190' title='bbox 1625 1525 1674 1582; x_wconf 90' lang='lat' dir='ltr'><strong>ille</strong></span> <span class='ocrx_word' id='word_1_191' title='bbox 1702 1530 1746 1582; x_wconf 85' lang='lat' dir='ltr'><strong>est</strong></span> <span class='ocrx_word' id='word_1_192' title='bbox 1772 1530 1869 1594; x_wconf 83' lang='lat' dir='ltr'><strong>fietus,</strong></span> 
     </span>
     <span class='ocr_line' id='line_1_16' title="bbox 166 1613 1870 1689; baseline -0.002 -13"><span class='ocrx_word' id='word_1_193' title='bbox 166 1635 235 1676; x_wconf 89' lang='lat' dir='ltr'><strong>eum</strong></span> <span class='ocrx_word' id='word_1_194' title='bbox 251 1617 280 1673; x_wconf 90' lang='lat' dir='ltr'><strong>iu</strong></span> <span class='ocrx_word' id='word_1_195' title='bbox 297 1615 395 1688; x_wconf 88' lang='lat' dir='ltr'><strong>specie</strong></span> <span class='ocrx_word' id='word_1_196' title='bbox 420 1613 563 1671; x_wconf 82' lang='lat' dir='ltr'><strong>columbe</strong></span> <span class='ocrx_word' id='word_1_197' title='bbox 588 1615 739 1672; x_wconf 89' lang='lat' dir='ltr'><strong>descendit</strong></span> <span class='ocrx_word' id='word_1_198' title='bbox 764 1614 911 1688; x_wconf 89' lang='lat' dir='ltr'><strong>;pulchre</strong></span> <span class='ocrx_word' id='word_1_199' title='bbox 927 1616 990 1688; x_wconf 88' lang='lat' dir='ltr'><strong>ipso</strong></span> <span class='ocrx_word' id='word_1_200' title='bbox 1047 1630 1136 1685; x_wconf 87' lang='lat' dir='ltr'><strong>quarn</strong></span> <span class='ocrx_word' id='word_1_201' title='bbox 1154 1614 1292 1672; x_wconf 87' lang='lat' dir='ltr'><strong>veraciter</strong></span> <span class='ocrx_word' id='word_1_202' title='bbox 1307 1615 1451 1686; x_wconf 88' lang='lat' dir='ltr'><strong>judicium</strong></span> <span class='ocrx_word' id='word_1_203' title='bbox 1464 1615 1711 1688; x_wconf 87' lang='lat' dir='ltr'><strong>divinitatisquod</strong></span> <span class='ocrx_word' id='word_1_204' title='bbox 1725 1617 1870 1689; x_wconf 83' lang='lat' dir='ltr'><strong>suegenti</strong></span> 
     </span>
     <span class='ocr_line' id='line_1_17' title="bbox 168 1703 1869 1796; baseline -0.001 -31"><span class='ocrx_word' id='word_1_205' title='bbox 168 1722 285 1782; x_wconf 87' lang='lat' dir='ltr'><strong>quoque</strong></span> <span class='ocrx_word' id='word_1_206' title='bbox 301 1704 565 1773; x_wconf 81' lang='lat' dir='ltr'><strong>nominetiguravit</strong></span> <span class='ocrx_word' id='word_1_207' title='bbox 579 1721 647 1761; x_wconf 91' lang='lat' dir='ltr'><strong>eum</strong></span> <span class='ocrx_word' id='word_1_208' title='bbox 661 1704 763 1763; x_wconf 83' lang='lat' dir='ltr'><strong>Jonas.</strong></span> <span class='ocrx_word' id='word_1_209' title='bbox 780 1706 992 1778; x_wconf 79' lang='lat' dir='ltr'><strong>Interpretatur</strong></span> <span class='ocrx_word' id='word_1_210' title='bbox 1006 1730 1030 1796; x_wconf 77' lang='lat' dir='ltr'>B</span> <span class='ocrx_word' id='word_1_211' title='bbox 1046 1703 1230 1776; x_wconf 87' lang='lat' dir='ltr'><strong>imminebat,</strong></span> <span class='ocrx_word' id='word_1_212' title='bbox 1247 1704 1380 1776; x_wconf 76' lang='lat' dir='ltr'><strong>refugere</strong></span> <span class='ocrx_word' id='word_1_213' title='bbox 1391 1703 1533 1761; x_wconf 87' lang='lat' dir='ltr'><strong>voluisset</strong></span> <span class='ocrx_word' id='word_1_214' title='bbox 1547 1705 1738 1761; x_wconf 87' lang='lat' dir='ltr'><strong>humanitatis</strong></span> <span class='ocrx_word' id='word_1_215' title='bbox 1753 1706 1869 1764; x_wconf 86' lang='lat' dir='ltr'><strong>affecta.</strong></span> 
     </span>
    </p>
   </div>
   <div class='ocr_carea' id='block_1_3' title="bbox 26 1777 1870 1877">
    <p class='ocr_par' dir='ltr' id='par_1_3' title="bbox 26 1777 1870 1877">
     <span class='ocr_line' id='line_1_18' title="bbox 26 1777 1870 1877; baseline 0.002 -19"><span class='ocrx_word' id='word_1_216' title='bbox 26 1777 35 1787; x_wconf 48' lang='lat'>⁸</span> <span class='ocrx_word' id='word_1_217' title='bbox 56 1833 63 1843; x_wconf 91' lang='lat'><strong>·</strong></span> <span class='ocrx_word' id='word_1_218' title='bbox 170 1799 248 1858; x_wconf 88' lang='lat' dir='ltr'><strong>enirn</strong></span> <span class='ocrx_word' id='word_1_219' title='bbox 273 1798 410 1865; x_wconf 79' lang='lat' dir='ltr'><strong>columbo,</strong></span> <span class='ocrx_word' id='word_1_220' title='bbox 431 1800 464 1853; x_wconf 78' lang='lat' dir='ltr'><strong>ut</strong></span> <span class='ocrx_word' id='word_1_221' title='bbox 484 1795 549 1866; x_wconf 74' lang='lat' dir='ltr'><strong>J&#39;am</strong></span> <span class='ocrx_word' id='word_1_222' title='bbox 576 1796 686 1852; x_wconf 76' lang='lat' dir='ltr'><strong>dietum</strong></span> <span class='ocrx_word' id='word_1_223' title='bbox 712 1801 767 1866; x_wconf 70' lang='lat' dir='ltr'><strong>esf,</strong></span> <span class='ocrx_word' id='word_1_224' title='bbox 783 1797 993 1868; x_wconf 74' lang='lat' dir='ltr'><strong>interpretatur</strong></span> <span class='ocrx_word' id='word_1_225' title='bbox 1047 1802 1132 1861; x_wconf 84' lang='lat' dir='ltr'><strong>Novit</strong></span> <span class='ocrx_word' id='word_1_226' title='bbox 1147 1803 1225 1859; x_wconf 90' lang='lat' dir='ltr'><strong>enim</strong></span> <span class='ocrx_word' id='word_1_227' title='bbox 1242 1807 1271 1860; x_wconf 86' lang='lat' dir='ltr'><strong>et</strong></span> <span class='ocrx_word' id='word_1_228' title='bbox 1287 1802 1647 1860; x_wconf 87' lang='lat' dir='ltr'><strong>nessedebetChristiana</strong></span> <span class='ocrx_word' id='word_1_229' title='bbox 1662 1803 1870 1877; x_wconf 64' lang='lat' dir='ltr'><strong>fideaquodm</strong></span> 
     </span>
    </p>
   </div>
   <div class='ocr_carea' id='block_1_4' title="bbox 171 1885 1874 2782">
    <p class='ocr_par' dir='ltr' id='par_1_4' title="bbox 171 1885 1874 2782">
     <span class='ocr_line' id='line_1_19' title="bbox 171 1885 1869 1964; baseline 0.002 -17"><span class='ocrx_word' id='word_1_230' title='bbox 171 1890 259 1948; x_wconf 91' lang='lat' dir='ltr'><strong>etiam</strong></span> <span class='ocrx_word' id='word_1_231' title='bbox 275 1888 380 1945; x_wconf 73' lang='lat' dir='ltr'><strong>dotem</strong></span> <span class='ocrx_word' id='word_1_232' title='bbox 402 1886 471 1951; x_wconf 81' lang='lat' dir='ltr'><strong>Dure</strong></span> <span class='ocrx_word' id='word_1_233' title='bbox 500 1885 641 1942; x_wconf 91' lang='lat' dir='ltr'><strong>nimirum</strong></span> <span class='ocrx_word' id='word_1_234' title='bbox 667 1887 868 1959; x_wconf 85' lang='lat' dir='ltr'><strong>interpretatio</strong></span> <span class='ocrx_word' id='word_1_235' title='bbox 887 1892 914 1944; x_wconf 92' lang='lat' dir='ltr'><strong>et</strong></span> <span class='ocrx_word' id='word_1_236' title='bbox 929 1888 994 1962; x_wconf 90' lang='lat' dir='ltr'><strong>ipsa</strong></span> <span class='ocrx_word' id='word_1_237' title='bbox 1048 1908 1106 1948; x_wconf 89' lang='lat' dir='ltr'><strong>uuo</strong></span> <span class='ocrx_word' id='word_1_238' title='bbox 1130 1893 1291 1964; x_wconf 90' lang='lat' dir='ltr'><strong>eodemque</strong></span> <span class='ocrx_word' id='word_1_239' title='bbox 1316 1891 1431 1950; x_wconf 87' lang='lat' dir='ltr'><strong>Christo</strong></span> <span class='ocrx_word' id='word_1_240' title='bbox 1458 1892 1535 1950; x_wconf 91' lang='lat' dir='ltr'><strong>sieut</strong></span> <span class='ocrx_word' id='word_1_241' title='bbox 1556 1893 1620 1950; x_wconf 84' lang='lat' dir='ltr'><strong>duae</strong></span> <span class='ocrx_word' id='word_1_242' title='bbox 1648 1897 1719 1950; x_wconf 90' lang='lat' dir='ltr'><strong>sunt</strong></span> <span class='ocrx_word' id='word_1_243' title='bbox 1747 1898 1869 1963; x_wconf 82' lang='lat' dir='ltr'><strong>natura,</strong></span> 
     </span>
     <span class='ocr_line' id='line_1_20' title="bbox 173 1979 1870 2053; baseline 0.001 -13"><span class='ocrx_word' id='word_1_244' title='bbox 173 1980 368 2040; x_wconf 90' lang='lat' dir='ltr'><strong>nihilominus</strong></span> <span class='ocrx_word' id='word_1_245' title='bbox 382 1979 418 2036; x_wconf 91' lang='lat' dir='ltr'><strong>ad</strong></span> <span class='ocrx_word' id='word_1_246' title='bbox 435 1979 609 2052; x_wconf 78' lang='lat' dir='ltr'><strong>mysterium</strong></span> <span class='ocrx_word' id='word_1_247' title='bbox 625 1980 759 2050; x_wconf 88' lang='lat' dir='ltr'><strong>pertinet,</strong></span> <span class='ocrx_word' id='word_1_248' title='bbox 776 1980 846 2051; x_wconf 90' lang='lat' dir='ltr'><strong>quia</strong></span> <span class='ocrx_word' id='word_1_249' title='bbox 860 1980 924 2053; x_wconf 92' lang='lat' dir='ltr'><strong>ipse</strong></span> <span class='ocrx_word' id='word_1_250' title='bbox 938 1984 993 2050; x_wconf 87' lang='lat' dir='ltr'><strong>est,</strong></span> <span class='ocrx_word' id='word_1_251' title='bbox 1048 1981 1138 2039; x_wconf 88' lang='lat' dir='ltr'><strong>attera</strong></span> <span class='ocrx_word' id='word_1_252' title='bbox 1155 1982 1331 2051; x_wconf 87' lang='lat' dir='ltr'><strong>divinitatis,</strong></span> <span class='ocrx_word' id='word_1_253' title='bbox 1353 1982 1445 2039; x_wconf 90' lang='lat' dir='ltr'><strong>altera</strong></span> <span class='ocrx_word' id='word_1_254' title='bbox 1459 1981 1663 2051; x_wconf 85' lang='lat' dir='ltr'><strong>humanitatis,</strong></span> <span class='ocrx_word' id='word_1_255' title='bbox 1693 1984 1733 2040; x_wconf 88' lang='lat' dir='ltr'><strong>ita</strong></span> <span class='ocrx_word' id='word_1_256' title='bbox 1754 1988 1783 2041; x_wconf 86' lang='lat' dir='ltr'><strong>et</strong></span> <span class='ocrx_word' id='word_1_257' title='bbox 1806 1984 1870 2042; x_wconf 80' lang='lat' dir='ltr'><strong>due</strong></span> 
     </span>
     <span class='ocr_line' id='line_1_21' title="bbox 173 2071 1873 2149; baseline 0 -19"><span class='ocrx_word' id='word_1_258' title='bbox 173 2091 263 2149; x_wconf 87' lang='lat' dir='ltr'><strong>quem</strong></span> <span class='ocrx_word' id='word_1_259' title='bbox 273 2072 468 2131; x_wconf 87' lang='lat' dir='ltr'><strong>isaiasvirum</strong></span> <span class='ocrx_word' id='word_1_260' title='bbox 485 2071 617 2129; x_wconf 90' lang='lat' dir='ltr'><strong>dotorum</strong></span> <span class='ocrx_word' id='word_1_261' title='bbox 628 2072 845 2145; x_wconf 79' lang='lat' dir='ltr'><strong>prenuntiavit,</strong></span> <span class='ocrx_word' id='word_1_262' title='bbox 856 2077 885 2128; x_wconf 89' lang='lat' dir='ltr'><strong>et</strong></span> <span class='ocrx_word' id='word_1_263' title='bbox 899 2074 996 2130; x_wconf 89' lang='lat' dir='ltr'><strong>scien·</strong></span> <span class='ocrx_word' id='word_1_264' title='bbox 1046 2075 1131 2129; x_wconf 90' lang='lat' dir='ltr'><strong>erant</strong></span> <span class='ocrx_word' id='word_1_265' title='bbox 1143 2071 1309 2128; x_wconf 85' lang='lat' dir='ltr'><strong>voluntates</strong></span> <span class='ocrx_word' id='word_1_266' title='bbox 1324 2071 1385 2128; x_wconf 90' lang='lat' dir='ltr'><strong>sive</strong></span> <span class='ocrx_word' id='word_1_267' title='bbox 1400 2072 1596 2144; x_wconf 89' lang='lat' dir='ltr'><strong>operationes.</strong></span> <span class='ocrx_word' id='word_1_268' title='bbox 1611 2071 1755 2131; x_wconf 75' lang='lat' dir='ltr'><strong>Voluntas</strong></span> <span class='ocrx_word' id='word_1_269' title='bbox 1769 2073 1873 2130; x_wconf 90' lang='lat' dir='ltr'><strong>divini·</strong></span> 
     </span>
     <span class='ocr_line' id='line_1_22' title="bbox 172 2160 1872 2233; baseline 0.001 -13"><span class='ocrx_word' id='word_1_270' title='bbox 172 2169 232 2221; x_wconf 88' lang='lat' dir='ltr'><strong>tem</strong></span> <span class='ocrx_word' id='word_1_271' title='bbox 247 2163 448 2220; x_wconf 84' lang='lat' dir='ltr'><strong>infirmitatem</strong></span> <span class='ocrx_word' id='word_1_272' title='bbox 463 2160 646 2233; x_wconf 85' lang='lat' dir='ltr'><strong>subjungens</strong></span> <span class='ocrx_word' id='word_1_273' title='bbox 663 2177 670 2215; x_wconf 77' lang='grc' dir='ltr'><strong>ι</strong></span> <span class='ocrx_word' id='word_1_274' title='bbox 696 2162 760 2218; x_wconf 81' lang='lat' dir='ltr'><strong>Vere</strong></span> <span class='ocrx_word' id='word_1_275' title='bbox 783 2162 930 2232; x_wconf 73' lang='lat' dir='ltr'><strong>languores</strong></span> <span class='ocrx_word' id='word_1_276' title='bbox 944 2178 993 2219; x_wconf 91' lang='lat' dir='ltr'><strong>no·</strong></span> <span class='ocrx_word' id='word_1_277' title='bbox 1047 2161 1118 2218; x_wconf 89' lang='lat' dir='ltr'><strong>tatis</strong></span> <span class='ocrx_word' id='word_1_278' title='bbox 1132 2166 1194 2217; x_wconf 90' lang='lat' dir='ltr'><strong>arat</strong></span> <span class='ocrx_word' id='word_1_279' title='bbox 1217 2160 1381 2232; x_wconf 89' lang='lat' dir='ltr'><strong>relinquere</strong></span> <span class='ocrx_word' id='word_1_280' title='bbox 1404 2162 1547 2233; x_wconf 74' lang='lat' dir='ltr'><strong>iudaeam,</strong></span> <span class='ocrx_word' id='word_1_281' title='bbox 1564 2169 1594 2218; x_wconf 89' lang='lat' dir='ltr'><strong>et</strong></span> <span class='ocrx_word' id='word_1_282' title='bbox 1608 2165 1721 2219; x_wconf 86' lang='lat' dir='ltr'><strong>tradere</strong></span> <span class='ocrx_word' id='word_1_283' title='bbox 1735 2163 1872 2221; x_wconf 85' lang='lat' dir='ltr'><strong>Hierusa-</strong></span> 
     </span>
     <span class='ocr_line' id='line_1_23' title="bbox 173 2249 1873 2324; baseline 0 -14"><span class='ocrx_word' id='word_1_284' title='bbox 173 2256 242 2310; x_wconf 77' lang='lat' dir='ltr'><strong>strcs</strong></span> <span class='ocrx_word' id='word_1_285' title='bbox 258 2251 316 2324; x_wconf 83' lang='lat' dir='ltr'><strong>ipse</strong></span> <span class='ocrx_word' id='word_1_286' title='bbox 326 2250 402 2320; x_wconf 85' lang='lat' dir='ltr'><strong>tulit,</strong></span> <span class='ocrx_word' id='word_1_287' title='bbox 416 2254 442 2306; x_wconf 88' lang='lat' dir='ltr'><strong>et</strong></span> <span class='ocrx_word' id='word_1_288' title='bbox 452 2249 560 2307; x_wconf 83' lang='lat' dir='ltr'><strong>dotores</strong></span> <span class='ocrx_word' id='word_1_289' title='bbox 577 2255 685 2307; x_wconf 77' lang='lat' dir='ltr'><strong>nostros</strong></span> <span class='ocrx_word' id='word_1_290' title='bbox 710 2251 767 2323; x_wconf 84' lang='lat' dir='ltr'><strong>ipre</strong></span> <span class='ocrx_word' id='word_1_291' title='bbox 780 2250 901 2324; x_wconf 76' lang='lat' dir='ltr'><strong>portae-it</strong></span> <span class='ocrx_word' id='word_1_292' title='bbox 924 2251 991 2324; x_wconf 85' lang='lat' dir='ltr'><strong>(isa.</strong></span> <span class='ocrx_word' id='word_1_293' title='bbox 1048 2249 1106 2306; x_wconf 87' lang='lat' dir='ltr'><strong>lem</strong></span> <span class='ocrx_word' id='word_1_294' title='bbox 1118 2251 1147 2306; x_wconf 88' lang='lat' dir='ltr'><strong>in</strong></span> <span class='ocrx_word' id='word_1_295' title='bbox 1163 2250 1419 2307; x_wconf 89' lang='lat' dir='ltr'><strong>manushostium.</strong></span> <span class='ocrx_word' id='word_1_296' title='bbox 1435 2250 1575 2307; x_wconf 85' lang='lat' dir='ltr'><strong>Voluntas</strong></span> <span class='ocrx_word' id='word_1_297' title='bbox 1591 2257 1653 2309; x_wconf 89' lang='lat' dir='ltr'><strong>erat</strong></span> <span class='ocrx_word' id='word_1_298' title='bbox 1663 2252 1873 2324; x_wconf 85' lang='lat' dir='ltr'><strong>humanitatis,</strong></span> 
     </span>
     <span class='ocr_line' id='line_1_24' title="bbox 173 2338 1873 2415; baseline 0 -15"><span class='ocrx_word' id='word_1_299' title='bbox 173 2344 246 2415; x_wconf 82' lang='lat' dir='ltr'><strong>arn).</strong></span> <span class='ocrx_word' id='word_1_300' title='bbox 263 2342 306 2399; x_wconf 79' lang='lat' dir='ltr'><strong>Ab</strong></span> <span class='ocrx_word' id='word_1_301' title='bbox 321 2345 385 2413; x_wconf 85' lang='lat' dir='ltr'><strong>ipso</strong></span> <span class='ocrx_word' id='word_1_302' title='bbox 398 2340 544 2412; x_wconf 87' lang='lat' dir='ltr'><strong>baptismo</strong></span> <span class='ocrx_word' id='word_1_303' title='bbox 559 2340 746 2414; x_wconf 72' lang='lat' dir='ltr'><strong>paenitentia,</strong></span> <span class='ocrx_word' id='word_1_304' title='bbox 761 2357 847 2414; x_wconf 87' lang='lat' dir='ltr'><strong>quem</strong></span> <span class='ocrx_word' id='word_1_305' title='bbox 858 2358 994 2415; x_wconf 81' lang='lat' dir='ltr'><strong>suscepe·</strong></span> <span class='ocrx_word' id='word_1_306' title='bbox 1049 2345 1082 2396; x_wconf 91' lang='lat' dir='ltr'><strong>ut</strong></span> <span class='ocrx_word' id='word_1_307' title='bbox 1096 2338 1269 2396; x_wconf 90' lang='lat' dir='ltr'><strong>liberaretur</strong></span> <span class='ocrx_word' id='word_1_308' title='bbox 1283 2356 1422 2413; x_wconf 84' lang='lat' dir='ltr'><strong>euagone</strong></span> <span class='ocrx_word' id='word_1_309' title='bbox 1435 2339 1479 2398; x_wconf 89' lang='lat' dir='ltr'><strong>vel</strong></span> <span class='ocrx_word' id='word_1_310' title='bbox 1504 2340 1605 2398; x_wconf 88' lang='lat' dir='ltr'><strong>civitas</strong></span> <span class='ocrx_word' id='word_1_311' title='bbox 1629 2342 1820 2413; x_wconf 79' lang='lat' dir='ltr'><strong>Hierusalem,</strong></span> <span class='ocrx_word' id='word_1_312' title='bbox 1841 2350 1873 2401; x_wconf 89' lang='lat' dir='ltr'><strong>ct</strong></span> 
     </span>
     <span class='ocr_line' id='line_1_25' title="bbox 175 2428 1873 2508; baseline -0.001 -17"><span class='ocrx_word' id='word_1_313' title='bbox 175 2445 231 2505; x_wconf 89' lang='lat' dir='ltr'><strong>rat,</strong></span> <span class='ocrx_word' id='word_1_314' title='bbox 243 2433 391 2507; x_wconf 75' lang='lat' dir='ltr'><strong>Jejunium</strong></span> <span class='ocrx_word' id='word_1_315' title='bbox 415 2433 584 2506; x_wconf 86' lang='lat' dir='ltr'><strong>ingrediens</strong></span> <span class='ocrx_word' id='word_1_316' title='bbox 597 2434 701 2504; x_wconf 68' lang='lat' dir='ltr'><strong>(flatile</strong></span> <span class='ocrx_word' id='word_1_317' title='bbox 712 2436 762 2506; x_wconf 81' lang='lat' dir='ltr'><strong>av),</strong></span> <span class='ocrx_word' id='word_1_318' title='bbox 778 2435 882 2493; x_wconf 89' lang='lat' dir='ltr'><strong>deinde</strong></span> <span class='ocrx_word' id='word_1_319' title='bbox 895 2435 997 2508; x_wconf 83' lang='lat' dir='ltr'><strong>predi·</strong></span> <span class='ocrx_word' id='word_1_320' title='bbox 1048 2432 1108 2485; x_wconf 85' lang='lat' dir='ltr'><strong>tem</strong></span> <span class='ocrx_word' id='word_1_321' title='bbox 1125 2428 1294 2485; x_wconf 88' lang='lat' dir='ltr'><strong>miserabile</strong></span> <span class='ocrx_word' id='word_1_322' title='bbox 1305 2447 1360 2486; x_wconf 90' lang='lat' dir='ltr'><strong>non</strong></span> <span class='ocrx_word' id='word_1_323' title='bbox 1378 2435 1527 2502; x_wconf 88' lang='lat' dir='ltr'><strong>pateretur</strong></span> <span class='ocrx_word' id='word_1_324' title='bbox 1541 2431 1699 2487; x_wconf 85' lang='lat' dir='ltr'><strong>excidium.</strong></span> <span class='ocrx_word' id='word_1_325' title='bbox 1717 2431 1770 2488; x_wconf 87' lang='lat' dir='ltr'><strong>illa</strong></span> <span class='ocrx_word' id='word_1_326' title='bbox 1780 2433 1873 2504; x_wconf 86' lang='lat' dir='ltr'><strong>justa,</strong></span> 
     </span>
     <span class='ocr_line' id='line_1_26' title="bbox 174 2519 1874 2601; baseline -0.003 -17"><span class='ocrx_word' id='word_1_327' title='bbox 174 2524 996 2601; x_wconf 84' lang='lat' dir='ltr'><strong>cendo‚etpereecutionessustinendopoenitentiamccn-</strong></span> <span class='ocrx_word' id='word_1_328' title='bbox 1048 2519 1109 2575; x_wconf 77' lang='lat' dir='ltr'><strong>hac</strong></span> <span class='ocrx_word' id='word_1_329' title='bbox 1125 2519 1261 2575; x_wconf 85' lang='lat' dir='ltr'><strong>voluntas</strong></span> <span class='ocrx_word' id='word_1_330' title='bbox 1276 2526 1337 2575; x_wconf 87' lang='lat' dir='ltr'><strong>erat</strong></span> <span class='ocrx_word' id='word_1_331' title='bbox 1348 2519 1408 2592; x_wconf 90' lang='lat' dir='ltr'><strong>pia.</strong></span> <span class='ocrx_word' id='word_1_332' title='bbox 1419 2523 1509 2576; x_wconf 86' lang='lat' dir='ltr'><strong>Porro</strong></span> <span class='ocrx_word' id='word_1_333' title='bbox 1521 2520 1680 2577; x_wconf 89' lang='lat' dir='ltr'><strong>divinitatis</strong></span> <span class='ocrx_word' id='word_1_334' title='bbox 1691 2520 1874 2579; x_wconf 87' lang='lat' dir='ltr'><strong>voluntatem</strong></span> 
     </span>
     <span class='ocr_line' id='line_1_27' title="bbox 174 2607 1872 2690; baseline 0.002 -26"><span class='ocrx_word' id='word_1_335' title='bbox 174 2619 305 2688; x_wconf 68' lang='lat' dir='ltr'><strong>tinum,</strong></span> <span class='ocrx_word' id='word_1_336' title='bbox 330 2623 358 2674; x_wconf 73' lang='lat' dir='ltr'><strong>et</strong></span> <span class='ocrx_word' id='word_1_337' title='bbox 379 2634 431 2690; x_wconf 78' lang='lat' dir='ltr'><strong>pro</strong></span> <span class='ocrx_word' id='word_1_338' title='bbox 457 2619 546 2675; x_wconf 80' lang='lat' dir='ltr'><strong>110le</strong></span> <span class='ocrx_word' id='word_1_339' title='bbox 570 2617 682 2684; x_wconf 67' lang='lat' dir='ltr'><strong>dolens,</strong></span> <span class='ocrx_word' id='word_1_340' title='bbox 707 2623 735 2675; x_wconf 75' lang='lat' dir='ltr'><strong>et</strong></span> <span class='ocrx_word' id='word_1_341' title='bbox 750 2619 995 2676; x_wconf 71' lang='lat' dir='ltr'><strong>dolopegnogtpog</strong></span> <span class='ocrx_word' id='word_1_342' title='bbox 1049 2608 1220 2682; x_wconf 57' lang='lat' dir='ltr'><strong>precedere,</strong></span> <span class='ocrx_word' id='word_1_343' title='bbox 1237 2607 1431 2664; x_wconf 67' lang='lat' dir='ltr'><strong>humdnlidllfl</strong></span> <span class='ocrx_word' id='word_1_344' title='bbox 1447 2615 1544 2665; x_wconf 87' lang='lat' dir='ltr'><strong>autem</strong></span> <span class='ocrx_word' id='word_1_345' title='bbox 1561 2610 1703 2683; x_wconf 71' lang='lat' dir='ltr'><strong>subsequi</strong></span> <span class='ocrx_word' id='word_1_346' title='bbox 1718 2611 1872 2668; x_wconf 74' lang='lat' dir='ltr'><strong>convenie-</strong></span> 
     </span>
     <span class='ocr_line' id='line_1_28' title="bbox 174 2697 1874 2782; baseline 0.002 -29"><span class='ocrx_word' id='word_1_347' title='bbox 174 2725 267 2781; x_wconf 62' lang='lat' dir='ltr'><strong>nsque</strong></span> <span class='ocrx_word' id='word_1_348' title='bbox 278 2708 312 2766; x_wconf 60' lang='lat' dir='ltr'><strong>ud</strong></span> <span class='ocrx_word' id='word_1_349' title='bbox 329 2707 494 2780; x_wconf 66' lang='lat' dir='ltr'><strong>patibulum</strong></span> <span class='ocrx_word' id='word_1_350' title='bbox 508 2707 886 2782; x_wconf 62' lang='lat' dir='ltr'><strong>erucigporrans,Nunqujd</strong></span> <span class='ocrx_word' id='word_1_351' title='bbox 898 2712 995 2765; x_wconf 59' lang='lat' dir='ltr'><strong>aunem</strong></span> <span class='ocrx_word' id='word_1_352' title='bbox 1048 2698 1107 2753; x_wconf 89' lang='lat' dir='ltr'><strong>bat.</strong></span> <span class='ocrx_word' id='word_1_353' title='bbox 1121 2697 1294 2753; x_wconf 88' lang='lat' dir='ltr'><strong>Obedienter</strong></span> <span class='ocrx_word' id='word_1_354' title='bbox 1307 2713 1376 2770; x_wconf 90' lang='lat' dir='ltr'><strong>ergo</strong></span> <span class='ocrx_word' id='word_1_355' title='bbox 1397 2699 1571 2768; x_wconf 88' lang='lat' dir='ltr'><strong>concedens,</strong></span> <span class='ocrx_word' id='word_1_356' title='bbox 1597 2716 1665 2755; x_wconf 91' lang='lat' dir='ltr'><strong>cum</strong></span> <span class='ocrx_word' id='word_1_357' title='bbox 1680 2699 1804 2757; x_wconf 83' lang='lat' dir='ltr'><strong>dixisset</strong></span> <span class='ocrx_word' id='word_1_358' title='bbox 1820 2702 1874 2757; x_wconf 81' lang='lat' dir='ltr'><strong>:lli</strong></span> 
     </span>
    </p>
   </div>
   <div class='ocr_carea' id='block_1_5' title="bbox 15 2787 1874 2960">
    <p class='ocr_par' dir='ltr' id='par_1_5' title="bbox 15 2787 1874 2960">
     <span class='ocr_line' id='line_1_29' title="bbox 15 2787 1874 2871; baseline 0 -15"><span class='ocrx_word' id='word_1_359' title='bbox 15 2826 24 2833; x_wconf 95' lang='lat'><strong>··</strong></span> <span class='ocrx_word' id='word_1_360' title='bbox 70 2861 73 2864; x_wconf 57' lang='grc'>,</span> <span class='ocrx_word' id='word_1_361' title='bbox 175 2797 324 2856; x_wconf 87' lang='lat' dir='ltr'><strong>nesciebat</strong></span> <span class='ocrx_word' id='word_1_362' title='bbox 339 2798 447 2869; x_wconf 89' lang='lat' dir='ltr'><strong>quibus</strong></span> <span class='ocrx_word' id='word_1_363' title='bbox 467 2797 649 2870; x_wconf 87' lang='lat' dir='ltr'><strong>pauperibus</strong></span> <span class='ocrx_word' id='word_1_364' title='bbox 664 2797 872 2871; x_wconf 82' lang='lat' dir='ltr'><strong>evangelizare,</strong></span> <span class='ocrx_word' id='word_1_365' title='bbox 888 2798 997 2870; x_wconf 91' lang='lat' dir='ltr'><strong>quibas</strong></span> <span class='ocrx_word' id='word_1_366' title='bbox 1049 2788 1142 2852; x_wconf 59' lang='lat' dir='ltr'><strong>Pallia</strong></span> <span class='ocrx_word' id='word_1_367' title='bbox 1169 2788 1196 2843; x_wconf 74' lang='grc' dir='ltr'><em>δί</em></span> <span class='ocrx_word' id='word_1_368' title='bbox 1223 2787 1354 2857; x_wconf 55' lang='lat' dir='ltr'><strong>”millii</strong></span> <span class='ocrx_word' id='word_1_369' title='bbox 1382 2792 1431 2855; x_wconf 66' lang='lat'><strong>⁶³⁸,</strong></span> <span class='ocrx_word' id='word_1_370' title='bbox 1455 2793 1580 2845; x_wconf 66' lang='lat' dir='ltr'><strong>flama!</strong></span> <span class='ocrx_word' id='word_1_371' title='bbox 1607 2805 1627 2846; x_wconf 73' lang='lat' dir='ltr'><strong>a</strong></span> <span class='ocrx_word' id='word_1_372' title='bbox 1654 2789 1874 2856; x_wconf 66' lang='lat' dir='ltr'><strong>necutiante</strong></span> 
     </span>
     <span class='ocr_line' id='line_1_30' title="bbox 59 2877 1873 2960; baseline -0.004 -16"><span class='ocrx_word' id='word_1_373' title='bbox 59 2920 62 2925; x_wconf 92' lang='lat'>·</span> <span class='ocrx_word' id='word_1_374' title='bbox 175 2887 297 2960; x_wconf 86' lang='lat' dir='ltr'><strong>captivis</strong></span> <span class='ocrx_word' id='word_1_375' title='bbox 313 2886 514 2943; x_wconf 90' lang='lat' dir='ltr'><strong>remissionem</strong></span> <span class='ocrx_word' id='word_1_376' title='bbox 533 2885 696 2943; x_wconf 87' lang='lat' dir='ltr'><strong>mitteretur</strong></span> <span class='ocrx_word' id='word_1_377' title='bbox 720 2885 995 2958; x_wconf 82' lang='lat' dir='ltr'><strong>predicare‘lNun·</strong></span> <span class='ocrx_word' id='word_1_378' title='bbox 1049 2877 1607 2951; x_wconf 73' lang='lat' dir='ltr'><strong>(uncinum),notensgentemsuam</strong></span> <span class='ocrx_word' id='word_1_379' title='bbox 1633 2883 1873 2953; x_wconf 88' lang='lat' dir='ltr'><strong>proptermortis</strong></span> 
     </span>
    </p>
   </div>
   <div class='ocr_carea' id='block_1_6' title="bbox 174 2968 1874 3140">
    <p class='ocr_par' dir='ltr' id='par_1_6' title="bbox 174 2968 1874 3140">
     <span class='ocr_line' id='line_1_31' title="bbox 176 2968 1874 3049; baseline -0.002 -16"><span class='ocrx_word' id='word_1_380' title='bbox 176 2977 246 3049; x_wconf 88' lang='lat' dir='ltr'><strong>quid</strong></span> <span class='ocrx_word' id='word_1_381' title='bbox 272 2977 385 3033; x_wconf 86' lang='lat' dir='ltr'><strong>nescire</strong></span> <span class='ocrx_word' id='word_1_382' title='bbox 403 2979 516 3048; x_wconf 91' lang='lat' dir='ltr'><strong>poterat</strong></span> <span class='ocrx_word' id='word_1_383' title='bbox 541 2976 618 3047; x_wconf 91' lang='lat' dir='ltr'><strong>quod</strong></span> <span class='ocrx_word' id='word_1_384' title='bbox 642 2976 678 3032; x_wconf 88' lang='lat' dir='ltr'><strong>ad</strong></span> <span class='ocrx_word' id='word_1_385' title='bbox 707 2981 810 3047; x_wconf 79' lang='lat' dir='ltr'><strong>gentes</strong></span> <span class='ocrx_word' id='word_1_386' title='bbox 839 2975 997 3049; x_wconf 88' lang='lat' dir='ltr'><strong>pertineret</strong></span> <span class='ocrx_word' id='word_1_387' title='bbox 1049 2968 1218 3027; x_wconf 82' lang='lat' dir='ltr'><strong>suascelus</strong></span> <span class='ocrx_word' id='word_1_388' title='bbox 1233 2969 1364 3038; x_wconf 90' lang='lat' dir='ltr'><strong>interire,</strong></span> <span class='ocrx_word' id='word_1_389' title='bbox 1385 2970 1541 3041; x_wconf 86' lang='lat' dir='ltr'><strong>subjunxit</strong></span> <span class='ocrx_word' id='word_1_390' title='bbox 1557 2970 1712 3043; x_wconf 87' lang='lat' dir='ltr'><strong>protinas:</strong></span> <span class='ocrx_word' id='word_1_391' title='bbox 1732 2974 1874 3030; x_wconf 83' lang='lat' dir='ltr'><strong>Verumta-</strong></span> 
     </span>
     <span class='ocr_line' id='line_1_32' title="bbox 174 3058 1873 3140; baseline -0.005 -17"><span class='ocrx_word' id='word_1_392' title='bbox 174 3082 235 3123; x_wconf 78' lang='lat' dir='ltr'><strong>sue</strong></span> <span class='ocrx_word' id='word_1_393' title='bbox 251 3064 468 3138; x_wconf 77' lang='lat' dir='ltr'><strong>predicationis</strong></span> <span class='ocrx_word' id='word_1_394' title='bbox 483 3064 623 3132; x_wconf 86' lang='lat' dir='ltr'><strong>officium,</strong></span> <span class='ocrx_word' id='word_1_395' title='bbox 637 3064 714 3136; x_wconf 91' lang='lat' dir='ltr'><strong>qnod</strong></span> <span class='ocrx_word' id='word_1_396' title='bbox 728 3064 802 3120; x_wconf 87' lang='lat' dir='ltr'><strong>scire</strong></span> <span class='ocrx_word' id='word_1_397' title='bbox 816 3075 843 3121; x_wconf 88' lang='lat' dir='ltr'><strong>et</strong></span> <span class='ocrx_word' id='word_1_398' title='bbox 858 3082 995 3138; x_wconf 82' lang='lat' dir='ltr'><strong>pranan·</strong></span> <span class='ocrx_word' id='word_1_399' title='bbox 1050 3074 1175 3116; x_wconf 85' lang='lat' dir='ltr'><strong>mennon</strong></span> <span class='ocrx_word' id='word_1_400' title='bbox 1185 3060 1256 3115; x_wconf 78' lang='lat' dir='ltr'><strong>sicut</strong></span> <span class='ocrx_word' id='word_1_401' title='bbox 1266 3073 1314 3140; x_wconf 73' lang='lat' dir='ltr'><strong>aaa</strong></span> <span class='ocrx_word' id='word_1_402' title='bbox 1334 3058 1463 3128; x_wconf 74' lang='lat' dir='ltr'><strong>colatae</strong></span> <span class='ocrx_word' id='word_1_403' title='bbox 1476 3058 1587 3116; x_wconf 86' lang='lat' dir='ltr'><strong>rioutlu</strong></span> <span class='ocrx_word' id='word_1_404' title='bbox 1605 3060 1705 3133; x_wconf 82' lang='lat' dir='ltr'><strong>(ibid).</strong></span> <span class='ocrx_word' id='word_1_405' title='bbox 1717 3061 1753 3117; x_wconf 81' lang='lat' dir='ltr'><strong>Et</strong></span> <span class='ocrx_word' id='word_1_406' title='bbox 1766 3063 1873 3119; x_wconf 85' lang='lat' dir='ltr'><strong>iterum</strong></span> 
     </span>
    </p>
   </div>
   <div class='ocr_carea' id='block_1_7' title="bbox 57 3144 1874 3225">
    <p class='ocr_par' dir='ltr' id='par_1_7' title="bbox 57 3144 1874 3225">
     <span class='ocr_line' id='line_1_33' title="bbox 57 3144 1874 3225; baseline -0.003 -14"><span class='ocrx_word' id='word_1_407' title='bbox 57 3144 61 3155; x_wconf 83' lang='lat'>&#39;</span> <span class='ocrx_word' id='word_1_408' title='bbox 173 3155 248 3211; x_wconf 82' lang='lat' dir='ltr'><strong>tiare</strong></span> <span class='ocrx_word' id='word_1_409' title='bbox 272 3153 419 3225; x_wconf 79' lang='lat' dir='ltr'><strong>propbeta</strong></span> <span class='ocrx_word' id='word_1_410' title='bbox 444 3151 591 3225; x_wconf 90' lang='lat' dir='ltr'><strong>potuerint</strong></span> <span class='ocrx_word' id='word_1_411' title='bbox 610 3157 623 3206; x_wconf 80' lang='lat' dir='ltr'><strong>l</strong></span> <span class='ocrx_word' id='word_1_412' title='bbox 646 3153 680 3208; x_wconf 81' lang='lat' dir='ltr'><strong>tat</strong></span> <span class='ocrx_word' id='word_1_413' title='bbox 699 3153 937 3211; x_wconf 89' lang='lat' dir='ltr'><strong>novissimusille</strong></span> <span class='ocrx_word' id='word_1_414' title='bbox 951 3155 995 3211; x_wconf 87' lang='lat' dir='ltr'><strong>si·</strong></span> <span class='ocrx_word' id='word_1_415' title='bbox 1054 3153 1137 3205; x_wconf 84' lang='lat' dir='ltr'><strong>Pater</strong></span> <span class='ocrx_word' id='word_1_416' title='bbox 1145 3149 1196 3218; x_wconf 88' lang='lat' dir='ltr'><strong>mi,</strong></span> <span class='ocrx_word' id='word_1_417' title='bbox 1204 3149 1230 3203; x_wconf 85' lang='lat' dir='ltr'><strong>si</strong></span> <span class='ocrx_word' id='word_1_418' title='bbox 1238 3163 1294 3204; x_wconf 90' lang='lat' dir='ltr'><strong>non</strong></span> <span class='ocrx_word' id='word_1_419' title='bbox 1303 3151 1390 3220; x_wconf 81' lang='lat' dir='ltr'><strong>poteri</strong></span> <span class='ocrx_word' id='word_1_420' title='bbox 1410 3148 1455 3204; x_wconf 76' lang='lat' dir='ltr'><strong>liic</strong></span> <span class='ocrx_word' id='word_1_421' title='bbox 1471 3149 1549 3204; x_wconf 84' lang='lat' dir='ltr'><strong>calin</strong></span> <span class='ocrx_word' id='word_1_422' title='bbox 1568 3152 1699 3219; x_wconf 73' lang='lat' dir='ltr'><strong>transire,</strong></span> <span class='ocrx_word' id='word_1_423' title='bbox 1711 3150 1769 3206; x_wconf 79' lang='lat' dir='ltr'><strong>nisi</strong></span> <span class='ocrx_word' id='word_1_424' title='bbox 1783 3152 1874 3208; x_wconf 83' lang='lat' dir='ltr'><strong>bibam</strong></span> 
     </span>
    </p>
   </div>
   <div class='ocr_carea' id='block_1_8' title="bbox 169 3237 1879 5648">
    <p class='ocr_par' dir='ltr' id='par_1_8' title="bbox 169 3237 1879 5648">
     <span class='ocr_line' id='line_1_34' title="bbox 174 3237 1874 3315; baseline 0.004 -16"><span class='ocrx_word' id='word_1_425' title='bbox 174 3259 272 3314; x_wconf 90' lang='lat' dir='ltr'><strong>meon,</strong></span> <span class='ocrx_word' id='word_1_426' title='bbox 284 3242 335 3313; x_wconf 85' lang='lat' dir='ltr'><strong>qui</strong></span> <span class='ocrx_word' id='word_1_427' title='bbox 346 3241 420 3297; x_wconf 86' lang='lat' dir='ltr'><strong>dixit</strong></span> <span class='ocrx_word' id='word_1_428' title='bbox 430 3257 496 3299; x_wconf 91' lang='lat' dir='ltr'><strong>eum</strong></span> <span class='ocrx_word' id='word_1_429' title='bbox 507 3241 634 3298; x_wconf 86' lang='lat' dir='ltr'><strong>salutare</strong></span> <span class='ocrx_word' id='word_1_430' title='bbox 652 3242 766 3298; x_wconf 89' lang='lat' dir='ltr'><strong>Domini</strong></span> <span class='ocrx_word' id='word_1_431' title='bbox 781 3247 916 3315; x_wconf 89' lang='lat' dir='ltr'><strong>paratam</strong></span> <span class='ocrx_word' id='word_1_432' title='bbox 928 3250 995 3301; x_wconf 88' lang='lat' dir='ltr'><strong>ante</strong></span> <span class='ocrx_word' id='word_1_433' title='bbox 1050 3238 1142 3305; x_wconf 65' lang='lat' dir='ltr'><strong>illam,</strong></span> <span class='ocrx_word' id='word_1_434' title='bbox 1166 3239 1216 3308; x_wconf 68' lang='lat' dir='ltr'><strong>fill</strong></span> <span class='ocrx_word' id='word_1_435' title='bbox 1238 3238 1365 3293; x_wconf 56' lang='lat' dir='ltr'><strong>villum&amp;</strong></span> <span class='ocrx_word' id='word_1_436' title='bbox 1384 3245 1431 3293; x_wconf 69' lang='lat' dir='ltr'><strong>²¹⁴ss</strong></span> <span class='ocrx_word' id='word_1_437' title='bbox 1446 3237 1548 3308; x_wconf 77' lang='lat' dir='ltr'><strong>(teia).</strong></span> <span class='ocrx_word' id='word_1_438' title='bbox 1565 3238 1657 3311; x_wconf 68' lang='lat' dir='ltr'><strong>Igitur</strong></span> <span class='ocrx_word' id='word_1_439' title='bbox 1670 3240 1760 3298; x_wconf 70' lang='lat' dir='ltr'><strong>Jonflfl</strong></span> <span class='ocrx_word' id='word_1_440' title='bbox 1771 3241 1874 3312; x_wconf 70' lang='lat' dir='ltr'><strong>jussus</strong></span> 
     </span>
     <span class='ocr_line' id='line_1_35' title="bbox 173 3330 1873 3409; baseline 0.004 -21"><span class='ocrx_word' id='word_1_441' title='bbox 173 3332 278 3389; x_wconf 85' lang='lat' dir='ltr'><strong>faciem</strong></span> <span class='ocrx_word' id='word_1_442' title='bbox 294 3330 426 3388; x_wconf 91' lang='lat' dir='ltr'><strong>omnium</strong></span> <span class='ocrx_word' id='word_1_443' title='bbox 438 3330 615 3404; x_wconf 90' lang='lat' dir='ltr'><strong>populorum</strong></span> <span class='ocrx_word' id='word_1_444' title='bbox 628 3346 635 3387; x_wconf 91' lang='lat'>:</span> <span class='ocrx_word' id='word_1_445' title='bbox 647 3333 748 3388; x_wconf 81' lang='lat' dir='ltr'><strong>tamen</strong></span> <span class='ocrx_word' id='word_1_446' title='bbox 759 3331 795 3388; x_wconf 87' lang='lat' dir='ltr'><strong>ad</strong></span> <span class='ocrx_word' id='word_1_447' title='bbox 804 3335 996 3391; x_wconf 78' lang='lat' dir='ltr'><strong>revelationem</strong></span> <span class='ocrx_word' id='word_1_448' title='bbox 1051 3335 1208 3409; x_wconf 82' lang='lat' dir='ltr'><strong>predicare</strong></span> <span class='ocrx_word' id='word_1_449' title='bbox 1218 3335 1248 3392; x_wconf 90' lang='lat' dir='ltr'><strong>in</strong></span> <span class='ocrx_word' id='word_1_450' title='bbox 1259 3336 1451 3409; x_wconf 85' lang='lat' dir='ltr'><strong>Ninive,fugit</strong></span> <span class='ocrx_word' id='word_1_451' title='bbox 1462 3336 1491 3392; x_wconf 90' lang='lat' dir='ltr'><strong>in</strong></span> <span class='ocrx_word' id='word_1_452' title='bbox 1501 3335 1634 3404; x_wconf 83' lang='lat' dir='ltr'><strong>Tharais,</strong></span> <span class='ocrx_word' id='word_1_453' title='bbox 1645 3337 1674 3394; x_wconf 95' lang='lat' dir='ltr'><strong>id</strong></span> <span class='ocrx_word' id='word_1_454' title='bbox 1686 3343 1731 3396; x_wconf 89' lang='lat' dir='ltr'><strong>est</strong></span> <span class='ocrx_word' id='word_1_455' title='bbox 1741 3339 1771 3395; x_wconf 92' lang='lat' dir='ltr'><strong>in</strong></span> <span class='ocrx_word' id='word_1_456' title='bbox 1782 3356 1873 3397; x_wconf 86' lang='lat' dir='ltr'><strong>mare.</strong></span> 
     </span>
     <span class='ocr_line' id='line_1_36' title="bbox 171 3421 1875 3498; baseline 0.006 -21"><span class='ocrx_word' id='word_1_457' title='bbox 171 3422 299 3495; x_wconf 76' lang='lat' dir='ltr'><strong>pontiam</strong></span> <span class='ocrx_word' id='word_1_458' title='bbox 323 3421 398 3490; x_wconf 80' lang='lat' dir='ltr'><strong>(tna.</strong></span> <span class='ocrx_word' id='word_1_459' title='bbox 424 3424 466 3489; x_wconf 90' lang='grc' dir='ltr'><strong>ιι).</strong></span> <span class='ocrx_word' id='word_1_460' title='bbox 489 3422 624 3476; x_wconf 84' lang='lat' dir='ltr'><strong>Attamen</strong></span> <span class='ocrx_word' id='word_1_461' title='bbox 640 3421 676 3476; x_wconf 90' lang='lat' dir='ltr'><strong>ad</strong></span> <span class='ocrx_word' id='word_1_462' title='bbox 692 3426 793 3494; x_wconf 80' lang='lat' dir='ltr'><strong>gentes</strong></span> <span class='ocrx_word' id='word_1_463' title='bbox 804 3426 874 3478; x_wconf 93' lang='lat' dir='ltr'><strong>tunc</strong></span> <span class='ocrx_word' id='word_1_464' title='bbox 886 3423 928 3478; x_wconf 90' lang='lat' dir='ltr'><strong>ire</strong></span> <span class='ocrx_word' id='word_1_465' title='bbox 942 3439 994 3480; x_wconf 91' lang='lat' dir='ltr'><strong>no·</strong></span> <span class='ocrx_word' id='word_1_466' title='bbox 1049 3424 1558 3498; x_wconf 84' lang='lat' dir='ltr'><strong>Tarsisnamquegeneralitermare</strong></span> <span class='ocrx_word' id='word_1_467' title='bbox 1571 3427 1688 3496; x_wconf 91' lang='lat' dir='ltr'><strong>dicitur,</strong></span> <span class='ocrx_word' id='word_1_468' title='bbox 1705 3428 1808 3485; x_wconf 90' lang='lat' dir='ltr'><strong>utittic</strong></span> <span class='ocrx_word' id='word_1_469' title='bbox 1825 3431 1875 3488; x_wconf 89' lang='lat' dir='ltr'><strong>:ln</strong></span> 
     </span>
     <span class='ocr_line' id='line_1_37' title="bbox 169 3507 1872 3590; baseline 0.004 -24"><span class='ocrx_word' id='word_1_470' title='bbox 169 3509 230 3567; x_wconf 88' lang='lat' dir='ltr'><strong>tuit</strong></span> <span class='ocrx_word' id='word_1_471' title='bbox 247 3510 308 3567; x_wconf 90' lang='lat' dir='ltr'><strong>imo</strong></span> <span class='ocrx_word' id='word_1_472' title='bbox 322 3513 352 3566; x_wconf 90' lang='lat' dir='ltr'><strong>et</strong></span> <span class='ocrx_word' id='word_1_473' title='bbox 366 3507 529 3581; x_wconf 85' lang='lat' dir='ltr'><strong>discipulos</strong></span> <span class='ocrx_word' id='word_1_474' title='bbox 541 3524 577 3565; x_wconf 90' lang='lat' dir='ltr'><strong>ne</strong></span> <span class='ocrx_word' id='word_1_475' title='bbox 587 3508 664 3565; x_wconf 87' lang='lat' dir='ltr'><strong>irent</strong></span> <span class='ocrx_word' id='word_1_476' title='bbox 672 3510 821 3581; x_wconf 91' lang='lat' dir='ltr'><strong>probibuit</strong></span> <span class='ocrx_word' id='word_1_477' title='bbox 832 3512 948 3569; x_wconf 87' lang='lat' dir='ltr'><strong>dicens:</strong></span> <span class='ocrx_word' id='word_1_478' title='bbox 964 3514 995 3569; x_wconf 92' lang='lat' dir='ltr'><strong>ln</strong></span> <span class='ocrx_word' id='word_1_479' title='bbox 1049 3515 1152 3586; x_wconf 76' lang='lat' dir='ltr'><strong>spirita</strong></span> <span class='ocrx_word' id='word_1_480' title='bbox 1165 3514 1319 3571; x_wconf 81' lang='lat' dir='ltr'><strong>vehementi</strong></span> <span class='ocrx_word' id='word_1_481' title='bbox 1328 3521 1449 3572; x_wconf 81' lang='lat' dir='ltr'><strong>conteres</strong></span> <span class='ocrx_word' id='word_1_482' title='bbox 1464 3531 1546 3571; x_wconf 80' lang='lat' dir='ltr'><strong>naues</strong></span> <span class='ocrx_word' id='word_1_483' title='bbox 1563 3516 1764 3585; x_wconf 78' lang='lat' dir='ltr'><strong>fbarsistl’sal.</strong></span> <span class='ocrx_word' id='word_1_484' title='bbox 1776 3519 1872 3590; x_wconf 84' lang='lat' dir='ltr'><strong>xavrr).</strong></span> 
     </span>
     <span class='ocr_line' id='line_1_38' title="bbox 171 3598 1875 3674; baseline 0.004 -17"><span class='ocrx_word' id='word_1_485' title='bbox 171 3618 250 3658; x_wconf 83' lang='lat' dir='ltr'><strong>oram</strong></span> <span class='ocrx_word' id='word_1_486' title='bbox 274 3603 399 3673; x_wconf 73' lang='lat' dir='ltr'><strong>gentium</strong></span> <span class='ocrx_word' id='word_1_487' title='bbox 426 3614 462 3654; x_wconf 84' lang='lat' dir='ltr'><strong>ne</strong></span> <span class='ocrx_word' id='word_1_488' title='bbox 489 3599 615 3655; x_wconf 79' lang='lat' dir='ltr'><strong>abieritis</strong></span> <span class='ocrx_word' id='word_1_489' title='bbox 644 3598 747 3671; x_wconf 74' lang='lat' dir='ltr'><strong>(deltis.</strong></span> <span class='ocrx_word' id='word_1_490' title='bbox 770 3601 809 3673; x_wconf 83' lang='lat' dir='ltr'><strong>x).</strong></span> <span class='ocrx_word' id='word_1_491' title='bbox 830 3602 994 3660; x_wconf 81' lang='lat' dir='ltr'><strong>litmulisri</strong></span> <span class='ocrx_word' id='word_1_492' title='bbox 1051 3603 1186 3662; x_wconf 83' lang='lat' dir='ltr'><strong>Christus</strong></span> <span class='ocrx_word' id='word_1_493' title='bbox 1210 3609 1308 3661; x_wconf 88' lang='lat' dir='ltr'><strong>autem</strong></span> <span class='ocrx_word' id='word_1_494' title='bbox 1340 3605 1375 3661; x_wconf 88' lang='lat' dir='ltr'><strong>ad</strong></span> <span class='ocrx_word' id='word_1_495' title='bbox 1399 3604 1453 3661; x_wconf 91' lang='lat' dir='ltr'><strong>troo</strong></span> <span class='ocrx_word' id='word_1_496' title='bbox 1468 3609 1567 3674; x_wconf 90' lang='lat' dir='ltr'><strong>uatus,</strong></span> <span class='ocrx_word' id='word_1_497' title='bbox 1581 3609 1609 3660; x_wconf 92' lang='lat' dir='ltr'><strong>et</strong></span> <span class='ocrx_word' id='word_1_498' title='bbox 1624 3621 1689 3661; x_wconf 92' lang='lat' dir='ltr'><strong>cum</strong></span> <span class='ocrx_word' id='word_1_499' title='bbox 1704 3605 1783 3662; x_wconf 89' lang='lat' dir='ltr'><strong>Deus</strong></span> <span class='ocrx_word' id='word_1_500' title='bbox 1798 3611 1875 3663; x_wconf 85' lang='lat' dir='ltr'><strong>esset</strong></span> 
     </span>
     <span class='ocr_line' id='line_1_39' title="bbox 174 3688 1874 3766; baseline 0.003 -20"><span class='ocrx_word' id='word_1_501' title='bbox 174 3690 343 3747; x_wconf 75' lang='lat' dir='ltr'><strong>chananeae</strong></span> <span class='ocrx_word' id='word_1_502' title='bbox 369 3688 510 3745; x_wconf 89' lang='lat' dir='ltr'><strong>clamanti</strong></span> <span class='ocrx_word' id='word_1_503' title='bbox 534 3692 601 3761; x_wconf 89' lang='lat' dir='ltr'><strong>post</strong></span> <span class='ocrx_word' id='word_1_504' title='bbox 628 3704 660 3745; x_wconf 91' lang='lat' dir='ltr'><strong>se</strong></span> <span class='ocrx_word' id='word_1_505' title='bbox 688 3706 746 3745; x_wconf 93' lang='lat' dir='ltr'><strong>non</strong></span> <span class='ocrx_word' id='word_1_506' title='bbox 775 3691 995 3764; x_wconf 88' lang='lat' dir='ltr'><strong>citarespondit</strong></span> <span class='ocrx_word' id='word_1_507' title='bbox 1053 3695 1139 3751; x_wconf 90' lang='lat' dir='ltr'><strong>bomo</strong></span> <span class='ocrx_word' id='word_1_508' title='bbox 1154 3695 1258 3763; x_wconf 85' lang='lat' dir='ltr'><strong>factus,</strong></span> <span class='ocrx_word' id='word_1_509' title='bbox 1276 3699 1306 3750; x_wconf 91' lang='lat' dir='ltr'><strong>at</strong></span> <span class='ocrx_word' id='word_1_510' title='bbox 1321 3698 1398 3751; x_wconf 90' lang='lat' dir='ltr'><strong>esset</strong></span> <span class='ocrx_word' id='word_1_511' title='bbox 1411 3694 1474 3766; x_wconf 88' lang='lat' dir='ltr'><strong>ipse</strong></span> <span class='ocrx_word' id='word_1_512' title='bbox 1487 3696 1662 3766; x_wconf 79' lang='lat' dir='ltr'><strong>exspectatio</strong></span> <span class='ocrx_word' id='word_1_513' title='bbox 1687 3696 1819 3766; x_wconf 87' lang='lat' dir='ltr'><strong>gentium</strong></span> <span class='ocrx_word' id='word_1_514' title='bbox 1845 3703 1874 3754; x_wconf 90' lang='lat' dir='ltr'><strong>et</strong></span> 
     </span>
     <span class='ocr_line' id='line_1_40' title="bbox 175 3779 1872 3853; baseline 0.003 -18"><span class='ocrx_word' id='word_1_515' title='bbox 175 3779 280 3853; x_wconf 76' lang='lat' dir='ltr'><strong>(Daret.</strong></span> <span class='ocrx_word' id='word_1_516' title='bbox 306 3781 361 3851; x_wconf 82' lang='lat' dir='ltr'><strong>av),</strong></span> <span class='ocrx_word' id='word_1_517' title='bbox 387 3779 437 3835; x_wconf 89' lang='lat' dir='ltr'><strong>sed</strong></span> <span class='ocrx_word' id='word_1_518' title='bbox 457 3779 661 3835; x_wconf 87' lang='lat' dir='ltr'><strong>tantummodo</strong></span> <span class='ocrx_word' id='word_1_519' title='bbox 684 3779 795 3836; x_wconf 79' lang='lat' dir='ltr'><strong>iudeis</strong></span> <span class='ocrx_word' id='word_1_520' title='bbox 820 3780 995 3853; x_wconf 75' lang='lat' dir='ltr'><strong>predicavit,</strong></span> <span class='ocrx_word' id='word_1_521' title='bbox 1052 3784 1183 3841; x_wconf 86' lang='lat' dir='ltr'><strong>Salvator</strong></span> <span class='ocrx_word' id='word_1_522' title='bbox 1207 3800 1321 3852; x_wconf 90' lang='lat' dir='ltr'><strong>eorum,</strong></span> <span class='ocrx_word' id='word_1_523' title='bbox 1344 3783 1512 3840; x_wconf 76' lang='lat' dir='ltr'><strong>iudaeorum</strong></span> <span class='ocrx_word' id='word_1_524' title='bbox 1533 3784 1671 3840; x_wconf 87' lang='lat' dir='ltr'><strong>fluctibus</strong></span> <span class='ocrx_word' id='word_1_525' title='bbox 1692 3800 1724 3840; x_wconf 89' lang='lat' dir='ltr'><strong>se</strong></span> <span class='ocrx_word' id='word_1_526' title='bbox 1739 3786 1872 3841; x_wconf 84' lang='lat' dir='ltr'><strong>tradidit.</strong></span> 
     </span>
     <span class='ocr_line' id='line_1_41' title="bbox 175 3866 1873 3946; baseline 0.002 -20"><span class='ocrx_word' id='word_1_527' title='bbox 175 3875 293 3943; x_wconf 82' lang='lat' dir='ltr'><strong>excepto</strong></span> <span class='ocrx_word' id='word_1_528' title='bbox 314 3867 393 3941; x_wconf 91' lang='lat' dir='ltr'><strong>quod</strong></span> <span class='ocrx_word' id='word_1_529' title='bbox 416 3867 445 3923; x_wconf 93' lang='lat' dir='ltr'><strong>in</strong></span> <span class='ocrx_word' id='word_1_530' title='bbox 464 3868 596 3924; x_wconf 84' lang='lat' dir='ltr'><strong>Samaria</strong></span> <span class='ocrx_word' id='word_1_531' title='bbox 619 3867 686 3922; x_wconf 85' lang='lat' dir='ltr'><strong>daos</strong></span> <span class='ocrx_word' id='word_1_532' title='bbox 709 3866 768 3924; x_wconf 84' lang='lat' dir='ltr'><strong>dier</strong></span> <span class='ocrx_word' id='word_1_533' title='bbox 790 3871 891 3924; x_wconf 81' lang='lat' dir='ltr'><strong>mansit</strong></span> <span class='ocrx_word' id='word_1_534' title='bbox 905 3871 994 3942; x_wconf 82' lang='lat' dir='ltr'><strong>(laon.</strong></span> <span class='ocrx_word' id='word_1_535' title='bbox 1050 3873 1100 3946; x_wconf 86' lang='lat' dir='ltr'><strong>qui</strong></span> <span class='ocrx_word' id='word_1_536' title='bbox 1116 3873 1364 3946; x_wconf 88' lang='lat' dir='ltr'><strong>proptercrebras</strong></span> <span class='ocrx_word' id='word_1_537' title='bbox 1388 3872 1566 3930; x_wconf 89' lang='lat' dir='ltr'><strong>seditionum</strong></span> <span class='ocrx_word' id='word_1_538' title='bbox 1591 3877 1791 3945; x_wconf 76' lang='lat' dir='ltr'><strong>tempestates,</strong></span> <span class='ocrx_word' id='word_1_539' title='bbox 1814 3891 1873 3931; x_wconf 89' lang='lat' dir='ltr'><strong>am·</strong></span> 
     </span>
     <span class='ocr_line' id='line_1_42' title="bbox 176 3957 1874 4036; baseline 0.001 -19"><span class='ocrx_word' id='word_1_540' title='bbox 176 3961 226 4033; x_wconf 78' lang='grc' dir='ltr'><strong>ιι).</strong></span> <span class='ocrx_word' id='word_1_541' title='bbox 242 3960 380 4032; x_wconf 85' lang='lat' dir='ltr'><strong>Sequitur</strong></span> <span class='ocrx_word' id='word_1_542' title='bbox 403 3972 471 4030; x_wconf 86' lang='lat' dir='ltr'><strong>ergo</strong></span> <span class='ocrx_word' id='word_1_543' title='bbox 492 3973 499 4012; x_wconf 77' lang='grc' dir='ltr'><em>τ</em></span> <span class='ocrx_word' id='word_1_544' title='bbox 518 3958 548 4012; x_wconf 77' lang='lat' dir='ltr'><strong>et</strong></span> <span class='ocrx_word' id='word_1_545' title='bbox 568 3957 786 4012; x_wconf 75' lang='lat' dir='ltr'><strong>sarreeitlonar</strong></span> <span class='ocrx_word' id='word_1_546' title='bbox 800 3966 830 4012; x_wconf 87' lang='lat' dir='ltr'><strong>nt</strong></span> <span class='ocrx_word' id='word_1_547' title='bbox 843 3961 950 4028; x_wconf 75' lang='lat' dir='ltr'><strong>saperet</strong></span> <span class='ocrx_word' id='word_1_548' title='bbox 965 3958 996 4015; x_wconf 91' lang='lat' dir='ltr'><strong>in</strong></span> <span class='ocrx_word' id='word_1_549' title='bbox 1052 3962 1131 4034; x_wconf 87' lang='lat' dir='ltr'><strong>ptius</strong></span> <span class='ocrx_word' id='word_1_550' title='bbox 1147 3978 1235 4033; x_wconf 88' lang='lat' dir='ltr'><strong>quam</strong></span> <span class='ocrx_word' id='word_1_551' title='bbox 1252 3961 1312 4018; x_wconf 91' lang='lat' dir='ltr'><strong>ulla</strong></span> <span class='ocrx_word' id='word_1_552' title='bbox 1328 3977 1400 4034; x_wconf 88' lang='lat' dir='ltr'><strong>gens</strong></span> <span class='ocrx_word' id='word_1_553' title='bbox 1416 3960 1490 4018; x_wconf 90' lang='lat' dir='ltr'><strong>mari</strong></span> <span class='ocrx_word' id='word_1_554' title='bbox 1506 3960 1619 4018; x_wconf 91' lang='lat' dir='ltr'><strong>similes</strong></span> <span class='ocrx_word' id='word_1_555' title='bbox 1634 3967 1769 4034; x_wconf 88' lang='lat' dir='ltr'><strong>poterant</strong></span> <span class='ocrx_word' id='word_1_556' title='bbox 1782 3977 1874 4036; x_wconf 87' lang='lat' dir='ltr'><strong>repu-</strong></span> 
     </span>
     <span class='ocr_line' id='line_1_43' title="bbox 178 4043 1875 4126; baseline 0.004 -21"><span class='ocrx_word' id='word_1_557' title='bbox 178 4048 315 4105; x_wconf 77' lang='lat' dir='ltr'><strong>flrarsiaa</strong></span> <span class='ocrx_word' id='word_1_558' title='bbox 338 4046 411 4118; x_wconf 69' lang='lat' dir='ltr'><strong>[acic</strong></span> <span class='ocrx_word' id='word_1_559' title='bbox 426 4045 546 4101; x_wconf 82' lang='lat' dir='ltr'><strong>Domini.</strong></span> <span class='ocrx_word' id='word_1_560' title='bbox 562 4044 640 4101; x_wconf 89' lang='lat' dir='ltr'><strong>Dure</strong></span> <span class='ocrx_word' id='word_1_561' title='bbox 651 4045 769 4117; x_wconf 87' lang='lat' dir='ltr'><strong>quidem</strong></span> <span class='ocrx_word' id='word_1_562' title='bbox 789 4050 884 4114; x_wconf 90' lang='lat' dir='ltr'><strong>sonat,</strong></span> <span class='ocrx_word' id='word_1_563' title='bbox 901 4064 996 4121; x_wconf 87' lang='lat' dir='ltr'><strong>neque</strong></span> <span class='ocrx_word' id='word_1_564' title='bbox 1052 4051 1118 4108; x_wconf 86' lang='lat' dir='ltr'><strong>tari.</strong></span> <span class='ocrx_word' id='word_1_565' title='bbox 1145 4050 1254 4107; x_wconf 88' lang='lat' dir='ltr'><strong>Neuter</strong></span> <span class='ocrx_word' id='word_1_566' title='bbox 1280 4067 1392 4121; x_wconf 87' lang='lat' dir='ltr'><strong>eorum,</strong></span> <span class='ocrx_word' id='word_1_567' title='bbox 1420 4052 1530 4108; x_wconf 89' lang='lat' dir='ltr'><strong>scilicet</strong></span> <span class='ocrx_word' id='word_1_568' title='bbox 1555 4068 1650 4124; x_wconf 90' lang='lat' dir='ltr'><strong>neque</strong></span> <span class='ocrx_word' id='word_1_569' title='bbox 1663 4043 1765 4120; x_wconf 81' lang='lat' dir='ltr'><strong>ionas,</strong></span> <span class='ocrx_word' id='word_1_570' title='bbox 1783 4070 1875 4126; x_wconf 88' lang='lat' dir='ltr'><strong>neque</strong></span> 
     </span>
     <span class='ocr_line' id='line_1_44' title="bbox 175 4133 1876 4215; baseline 0.005 -24"><span class='ocrx_word' id='word_1_571' title='bbox 175 4133 702 4206; x_wconf 82' lang='lat' dir='ltr'><strong>Salvatoriconvenirevideturquod</strong></span> <span class='ocrx_word' id='word_1_572' title='bbox 719 4135 833 4203; x_wconf 89' lang='lat' dir='ltr'><strong>dicitur,</strong></span> <span class='ocrx_word' id='word_1_573' title='bbox 850 4141 995 4209; x_wconf 73' lang='lat' dir='ltr'><strong>attagerel</strong></span> <span class='ocrx_word' id='word_1_574' title='bbox 1052 4141 1187 4197; x_wconf 83' lang='lat' dir='ltr'><strong>cbristus</strong></span> <span class='ocrx_word' id='word_1_575' title='bbox 1215 4139 1341 4198; x_wconf 89' lang='lat' dir='ltr'><strong>salntem</strong></span> <span class='ocrx_word' id='word_1_576' title='bbox 1370 4140 1506 4213; x_wconf 91' lang='lat' dir='ltr'><strong>gentibus</strong></span> <span class='ocrx_word' id='word_1_577' title='bbox 1536 4141 1650 4212; x_wconf 86' lang='lat' dir='ltr'><strong>invidit,</strong></span> <span class='ocrx_word' id='word_1_578' title='bbox 1679 4142 1729 4198; x_wconf 91' lang='lat' dir='ltr'><strong>sed</strong></span> <span class='ocrx_word' id='word_1_579' title='bbox 1755 4148 1876 4215; x_wconf 87' lang='lat' dir='ltr'><strong>uterque</strong></span> 
     </span>
     <span class='ocr_line' id='line_1_45' title="bbox 175 4222 1874 4304; baseline 0.004 -22"><span class='ocrx_word' id='word_1_580' title='bbox 175 4223 368 4295; x_wconf 75' lang='lat' dir='ltr'><strong>ionorafacie</strong></span> <span class='ocrx_word' id='word_1_581' title='bbox 386 4223 507 4279; x_wconf 88' lang='lat' dir='ltr'><strong>Domini.</strong></span> <span class='ocrx_word' id='word_1_582' title='bbox 529 4222 583 4278; x_wconf 85' lang='lat' dir='ltr'><strong>Sed</strong></span> <span class='ocrx_word' id='word_1_583' title='bbox 604 4222 630 4278; x_wconf 91' lang='lat' dir='ltr'><strong>si</strong></span> <span class='ocrx_word' id='word_1_584' title='bbox 646 4223 786 4296; x_wconf 88' lang='lat' dir='ltr'><strong>fugientis</strong></span> <span class='ocrx_word' id='word_1_585' title='bbox 802 4224 993 4284; x_wconf 89' lang='lat' dir='ltr'><strong>intentionem</strong></span> <span class='ocrx_word' id='word_1_586' title='bbox 1053 4231 1148 4304; x_wconf 89' lang='lat' dir='ltr'><strong>gentis</strong></span> <span class='ocrx_word' id='word_1_587' title='bbox 1162 4230 1507 4288; x_wconf 80' lang='lat' dir='ltr'><strong>suecondemuaticnam</strong></span> <span class='ocrx_word' id='word_1_588' title='bbox 1533 4231 1689 4289; x_wconf 88' lang='lat' dir='ltr'><strong>imminere</strong></span> <span class='ocrx_word' id='word_1_589' title='bbox 1713 4234 1874 4290; x_wconf 87' lang='lat' dir='ltr'><strong>condoluit.</strong></span> 
     </span>
     <span class='ocr_line' id='line_1_46' title="bbox 175 4310 1875 4394; baseline 0.005 -23"><span class='ocrx_word' id='word_1_590' title='bbox 175 4314 354 4382; x_wconf 88' lang='lat' dir='ltr'><strong>consideres,</strong></span> <span class='ocrx_word' id='word_1_591' title='bbox 380 4328 432 4369; x_wconf 92' lang='lat' dir='ltr'><strong>nec</strong></span> <span class='ocrx_word' id='word_1_592' title='bbox 455 4310 485 4366; x_wconf 91' lang='lat' dir='ltr'><strong>in</strong></span> <span class='ocrx_word' id='word_1_593' title='bbox 515 4310 578 4382; x_wconf 92' lang='lat' dir='ltr'><strong>ipso</strong></span> <span class='ocrx_word' id='word_1_594' title='bbox 607 4311 750 4384; x_wconf 85' lang='lat' dir='ltr'><strong>propbeta</strong></span> <span class='ocrx_word' id='word_1_595' title='bbox 772 4313 996 4389; x_wconf 86' lang='lat' dir='ltr'><strong>valdeeetfuge</strong></span> <span class='ocrx_word' id='word_1_596' title='bbox 1053 4319 1279 4378; x_wconf 80' lang='lat' dir='ltr'><strong>Etdescenditin</strong></span> <span class='ocrx_word' id='word_1_597' title='bbox 1296 4323 1413 4394; x_wconf 77' lang='lat' dir='ltr'><strong>ioppen,</strong></span> <span class='ocrx_word' id='word_1_598' title='bbox 1437 4331 1463 4378; x_wconf 87' lang='lat' dir='ltr'><strong>et</strong></span> <span class='ocrx_word' id='word_1_599' title='bbox 1488 4321 1702 4378; x_wconf 82' lang='lat' dir='ltr'><strong>inaenitnooim</strong></span> <span class='ocrx_word' id='word_1_600' title='bbox 1713 4327 1824 4380; x_wconf 82' lang='lat' dir='ltr'><strong>cuntem</strong></span> <span class='ocrx_word' id='word_1_601' title='bbox 1845 4323 1875 4380; x_wconf 88' lang='lat' dir='ltr'><strong>in</strong></span> 
     </span>
     <span class='ocr_line' id='line_1_47' title="bbox 176 4400 1874 4485; baseline 0.005 -23"><span class='ocrx_word' id='word_1_602' title='bbox 176 4401 424 4478; x_wconf 89' lang='lat' dir='ltr'><strong>reprehensibilis,</strong></span> <span class='ocrx_word' id='word_1_603' title='bbox 445 4400 516 4474; x_wconf 90' lang='lat' dir='ltr'><strong>quia</strong></span> <span class='ocrx_word' id='word_1_604' title='bbox 542 4416 600 4456; x_wconf 90' lang='lat' dir='ltr'><strong>nen</strong></span> <span class='ocrx_word' id='word_1_605' title='bbox 629 4416 694 4457; x_wconf 90' lang='lat' dir='ltr'><strong>eam</strong></span> <span class='ocrx_word' id='word_1_606' title='bbox 717 4402 855 4473; x_wconf 82' lang='lat' dir='ltr'><strong>fidelitas,</strong></span> <span class='ocrx_word' id='word_1_607' title='bbox 872 4406 994 4478; x_wconf 87' lang='lat' dir='ltr'><strong>sedpis·</strong></span> <span class='ocrx_word' id='word_1_608' title='bbox 1056 4411 1178 4481; x_wconf 78' lang='lat' dir='ltr'><strong>floreis,</strong></span> <span class='ocrx_word' id='word_1_609' title='bbox 1189 4415 1216 4467; x_wconf 89' lang='lat' dir='ltr'><strong>et</strong></span> <span class='ocrx_word' id='word_1_610' title='bbox 1228 4411 1304 4469; x_wconf 83' lang='lat' dir='ltr'><strong>dedit</strong></span> <span class='ocrx_word' id='word_1_611' title='bbox 1327 4412 1443 4469; x_wconf 85' lang='lat' dir='ltr'><strong>nactam</strong></span> <span class='ocrx_word' id='word_1_612' title='bbox 1473 4416 1540 4485; x_wconf 81' lang='lat' dir='ltr'><strong>ejas,</strong></span> <span class='ocrx_word' id='word_1_613' title='bbox 1564 4419 1591 4469; x_wconf 85' lang='lat' dir='ltr'><strong>et</strong></span> <span class='ocrx_word' id='word_1_614' title='bbox 1609 4412 1874 4481; x_wconf 83' lang='lat' dir='ltr'><strong>descenditineom,</strong></span> 
     </span>
     <span class='ocr_line' id='line_1_48' title="bbox 175 4471 1874 4578; baseline 0.005 -25"><span class='ocrx_word' id='word_1_615' title='bbox 175 4501 222 4553; x_wconf 87' lang='lat' dir='ltr'><strong>tes</strong></span> <span class='ocrx_word' id='word_1_616' title='bbox 238 4495 314 4553; x_wconf 91' lang='lat' dir='ltr'><strong>fecit.</strong></span> <span class='ocrx_word' id='word_1_617' title='bbox 330 4493 508 4551; x_wconf 83' lang='lat' dir='ltr'><strong>condolebat</strong></span> <span class='ocrx_word' id='word_1_618' title='bbox 522 4491 600 4548; x_wconf 88' lang='lat' dir='ltr'><strong>enim</strong></span> <span class='ocrx_word' id='word_1_619' title='bbox 617 4491 665 4564; x_wconf 91' lang='lat' dir='ltr'><strong>pio</strong></span> <span class='ocrx_word' id='word_1_620' title='bbox 680 4492 784 4550; x_wconf 90' lang='lat' dir='ltr'><strong>affectu</strong></span> <span class='ocrx_word' id='word_1_621' title='bbox 801 4512 872 4564; x_wconf 83' lang='lat' dir='ltr'><strong>sua,</strong></span> <span class='ocrx_word' id='word_1_622' title='bbox 896 4496 925 4552; x_wconf 94' lang='lat' dir='ltr'><strong>id</strong></span> <span class='ocrx_word' id='word_1_623' title='bbox 950 4471 1034 4553; x_wconf 75' lang='lat' dir='ltr'><strong>cstll</strong></span> <span class='ocrx_word' id='word_1_624' title='bbox 1053 4505 1084 4557; x_wconf 90' lang='lat' dir='ltr'><strong>nt</strong></span> <span class='ocrx_word' id='word_1_625' title='bbox 1109 4500 1164 4557; x_wconf 88' lang='lat' dir='ltr'><strong>iret</strong></span> <span class='ocrx_word' id='word_1_626' title='bbox 1190 4517 1254 4558; x_wconf 87' lang='lat' dir='ltr'><strong>com</strong></span> <span class='ocrx_word' id='word_1_627' title='bbox 1282 4505 1321 4560; x_wconf 84' lang='lat' dir='ltr'><strong>eis</strong></span> <span class='ocrx_word' id='word_1_628' title='bbox 1339 4503 1370 4558; x_wconf 88' lang='lat' dir='ltr'><strong>in</strong></span> <span class='ocrx_word' id='word_1_629' title='bbox 1385 4502 1492 4559; x_wconf 78' lang='lat' dir='ltr'><strong>ficareto</strong></span> <span class='ocrx_word' id='word_1_630' title='bbox 1506 4519 1523 4558; x_wconf 92' lang='lat' dir='ltr'><strong>a</strong></span> <span class='ocrx_word' id='word_1_631' title='bbox 1536 4502 1610 4574; x_wconf 73' lang='lat' dir='ltr'><strong>socie</strong></span> <span class='ocrx_word' id='word_1_632' title='bbox 1622 4505 1744 4560; x_wconf 87' lang='lat' dir='ltr'><strong>Domini.</strong></span> <span class='ocrx_word' id='word_1_633' title='bbox 1761 4504 1874 4578; x_wconf 82' lang='lat' dir='ltr'><strong>ioppen</strong></span> 
     </span>
     <span class='ocr_line' id='line_1_49' title="bbox 176 4581 1873 4665; baseline 0.006 -24"><span class='ocrx_word' id='word_1_634' title='bbox 176 4584 303 4641; x_wconf 74' lang='lat' dir='ltr'><strong>Hebraea</strong></span> <span class='ocrx_word' id='word_1_635' title='bbox 316 4583 406 4657; x_wconf 84' lang='lat' dir='ltr'><strong>genti,</strong></span> <span class='ocrx_word' id='word_1_636' title='bbox 421 4599 455 4639; x_wconf 92' lang='lat' dir='ltr'><strong>eo</strong></span> <span class='ocrx_word' id='word_1_637' title='bbox 479 4582 556 4653; x_wconf 88' lang='lat' dir='ltr'><strong>quod</strong></span> <span class='ocrx_word' id='word_1_638' title='bbox 583 4581 612 4637; x_wconf 94' lang='lat' dir='ltr'><strong>in</strong></span> <span class='ocrx_word' id='word_1_639' title='bbox 637 4583 910 4643; x_wconf 84' lang='lat' dir='ltr'><strong>condemnationem</strong></span> <span class='ocrx_word' id='word_1_640' title='bbox 931 4587 996 4658; x_wconf 83' lang='lat' dir='ltr'><strong>ejus</strong></span> <span class='ocrx_word' id='word_1_641' title='bbox 1052 4594 1168 4662; x_wconf 90' lang='lat' dir='ltr'><strong>portum</strong></span> <span class='ocrx_word' id='word_1_642' title='bbox 1184 4606 1249 4648; x_wconf 90' lang='lat' dir='ltr'><strong>esse</strong></span> <span class='ocrx_word' id='word_1_643' title='bbox 1263 4591 1370 4648; x_wconf 80' lang='lat' dir='ltr'><strong>iudae</strong></span> <span class='ocrx_word' id='word_1_644' title='bbox 1383 4591 1413 4648; x_wconf 90' lang='lat' dir='ltr'><strong>ia</strong></span> <span class='ocrx_word' id='word_1_645' title='bbox 1430 4592 1538 4663; x_wconf 85' lang='lat' dir='ltr'><strong>Regum</strong></span> <span class='ocrx_word' id='word_1_646' title='bbox 1555 4608 1672 4665; x_wconf 89' lang='lat' dir='ltr'><strong>quoque</strong></span> <span class='ocrx_word' id='word_1_647' title='bbox 1684 4595 1734 4662; x_wconf 90' lang='lat' dir='ltr'><strong>(fil</strong></span> <span class='ocrx_word' id='word_1_648' title='bbox 1750 4595 1815 4664; x_wconf 78' lang='lat' dir='ltr'><strong>fleg.</strong></span> <span class='ocrx_word' id='word_1_649' title='bbox 1832 4596 1873 4665; x_wconf 88' lang='grc' dir='ltr'><strong>ιι),</strong></span> 
     </span>
     <span class='ocr_line' id='line_1_50' title="bbox 177 4670 1874 4755; baseline 0.005 -24"><span class='ocrx_word' id='word_1_650' title='bbox 177 4674 342 4731; x_wconf 87' lang='lat' dir='ltr'><strong>mitteretur</strong></span> <span class='ocrx_word' id='word_1_651' title='bbox 356 4674 392 4730; x_wconf 90' lang='lat' dir='ltr'><strong>ad</strong></span> <span class='ocrx_word' id='word_1_652' title='bbox 405 4670 621 4746; x_wconf 79' lang='lat' dir='ltr'><strong>predicandum</strong></span> <span class='ocrx_word' id='word_1_653' title='bbox 633 4671 861 4742; x_wconf 86' lang='lat' dir='ltr'><strong>Ninivitis‚utin</strong></span> <span class='ocrx_word' id='word_1_654' title='bbox 876 4691 995 4747; x_wconf 90' lang='lat' dir='ltr'><strong>compa·</strong></span> <span class='ocrx_word' id='word_1_655' title='bbox 1051 4683 1080 4736; x_wconf 92' lang='lat' dir='ltr'><strong>et</strong></span> <span class='ocrx_word' id='word_1_656' title='bbox 1108 4677 1349 4751; x_wconf 84' lang='lat' dir='ltr'><strong>Paralipomenon</strong></span> <span class='ocrx_word' id='word_1_657' title='bbox 1378 4679 1413 4750; x_wconf 84' lang='lat' dir='ltr'><strong>(lt</strong></span> <span class='ocrx_word' id='word_1_658' title='bbox 1444 4685 1509 4736; x_wconf 83' lang='lat' dir='ltr'><strong>Par.</strong></span> <span class='ocrx_word' id='word_1_659' title='bbox 1537 4680 1874 4755; x_wconf 82' lang='lat' dir='ltr'><strong>11),tibrislegimnsad</strong></span> 
     </span>
     <span class='ocr_line' id='line_1_51' title="bbox 178 4759 1876 4843; baseline 0.006 -23"><span class='ocrx_word' id='word_1_660' title='bbox 178 4764 290 4820; x_wconf 88' lang='lat' dir='ltr'><strong>ratione</strong></span> <span class='ocrx_word' id='word_1_661' title='bbox 305 4761 662 4833; x_wconf 77' lang='lat' dir='ltr'><strong>Israelisjuatifrcarentur</strong></span> <span class='ocrx_word' id='word_1_662' title='bbox 677 4761 798 4835; x_wconf 78' lang='lat' dir='ltr'><strong>assyrii,</strong></span> <span class='ocrx_word' id='word_1_663' title='bbox 818 4767 847 4819; x_wconf 90' lang='lat' dir='ltr'><strong>et</strong></span> <span class='ocrx_word' id='word_1_664' title='bbox 867 4764 897 4820; x_wconf 92' lang='lat' dir='ltr'><strong>in</strong></span> <span class='ocrx_word' id='word_1_665' title='bbox 917 4780 996 4821; x_wconf 91' lang='lat' dir='ltr'><strong>com·</strong></span> <span class='ocrx_word' id='word_1_666' title='bbox 1052 4785 1138 4842; x_wconf 90' lang='lat' dir='ltr'><strong>quem</strong></span> <span class='ocrx_word' id='word_1_667' title='bbox 1167 4770 1274 4840; x_wconf 78' lang='lat' dir='ltr'><strong>Hyram</strong></span> <span class='ocrx_word' id='word_1_668' title='bbox 1291 4786 1340 4827; x_wconf 87' lang='lat' dir='ltr'><strong>rex</strong></span> <span class='ocrx_word' id='word_1_669' title='bbox 1367 4770 1435 4843; x_wconf 78' lang='lat' dir='ltr'><strong>Tyri</strong></span> <span class='ocrx_word' id='word_1_670' title='bbox 1464 4770 1543 4843; x_wconf 86' lang='lat' dir='ltr'><strong>ligna</strong></span> <span class='ocrx_word' id='word_1_671' title='bbox 1566 4771 1602 4827; x_wconf 89' lang='lat' dir='ltr'><strong>de</strong></span> <span class='ocrx_word' id='word_1_672' title='bbox 1632 4772 1741 4828; x_wconf 84' lang='lat' dir='ltr'><strong>bibano</strong></span> <span class='ocrx_word' id='word_1_673' title='bbox 1762 4759 1876 4830; x_wconf 87' lang='lat' dir='ltr'><strong>ratibus</strong></span> 
     </span>
     <span class='ocr_line' id='line_1_52' title="bbox 176 4851 1877 4935; baseline 0.005 -24"><span class='ocrx_word' id='word_1_674' title='bbox 176 4854 327 4926; x_wconf 87' lang='lat' dir='ltr'><strong>paratione</strong></span> <span class='ocrx_word' id='word_1_675' title='bbox 337 4852 521 4926; x_wconf 70' lang='lat' dir='ltr'><strong>Assyriorum</strong></span> <span class='ocrx_word' id='word_1_676' title='bbox 532 4853 742 4909; x_wconf 88' lang='lat' dir='ltr'><strong>condemnatus</strong></span> <span class='ocrx_word' id='word_1_677' title='bbox 754 4851 840 4910; x_wconf 88' lang='lat' dir='ltr'><strong>lsrael</strong></span> <span class='ocrx_word' id='word_1_678' title='bbox 853 4863 997 4927; x_wconf 80' lang='lat' dir='ltr'><strong>perpetue</strong></span> <span class='ocrx_word' id='word_1_679' title='bbox 1053 4860 1259 4930; x_wconf 76' lang='lat' dir='ltr'><strong>transferebat,</strong></span> <span class='ocrx_word' id='word_1_680' title='bbox 1276 4877 1343 4932; x_wconf 79' lang='lat' dir='ltr'><strong>qua</strong></span> <span class='ocrx_word' id='word_1_681' title='bbox 1358 4859 1540 4917; x_wconf 86' lang='lat' dir='ltr'><strong>Hierusalem</strong></span> <span class='ocrx_word' id='word_1_682' title='bbox 1557 4861 1688 4917; x_wconf 86' lang='lat' dir='ltr'><strong>terrestri</strong></span> <span class='ocrx_word' id='word_1_683' title='bbox 1699 4860 1877 4935; x_wconf 84' lang='lat' dir='ltr'><strong>itinereprr-</strong></span> 
     </span>
     <span class='ocr_line' id='line_1_53' title="bbox 176 4940 1876 5019; baseline 0.005 -20"><span class='ocrx_word' id='word_1_684' title='bbox 176 4946 341 5001; x_wconf 86' lang='lat' dir='ltr'><strong>traderetur</strong></span> <span class='ocrx_word' id='word_1_685' title='bbox 350 4940 522 5016; x_wconf 89' lang='lat' dir='ltr'><strong>captivitati.</strong></span> <span class='ocrx_word' id='word_1_686' title='bbox 534 4941 597 5000; x_wconf 90' lang='lat' dir='ltr'><strong>Non</strong></span> <span class='ocrx_word' id='word_1_687' title='bbox 606 4941 737 5014; x_wconf 87' lang='lat' dir='ltr'><strong>gentium</strong></span> <span class='ocrx_word' id='word_1_688' title='bbox 748 4942 874 4999; x_wconf 87' lang='lat' dir='ltr'><strong>satutem</strong></span> <span class='ocrx_word' id='word_1_689' title='bbox 886 4945 996 5018; x_wconf 89' lang='lat' dir='ltr'><strong>oderat,</strong></span> <span class='ocrx_word' id='word_1_690' title='bbox 1052 4949 1237 5006; x_wconf 88' lang='lat' dir='ltr'><strong>veherentur.</strong></span> <span class='ocrx_word' id='word_1_691' title='bbox 1253 4949 1341 5005; x_wconf 85' lang='lat' dir='ltr'><strong>Juxta</strong></span> <span class='ocrx_word' id='word_1_692' title='bbox 1369 4949 1497 5019; x_wconf 85' lang='lat' dir='ltr'><strong>regionis</strong></span> <span class='ocrx_word' id='word_1_693' title='bbox 1521 4954 1668 5017; x_wconf 87' lang='lat' dir='ltr'><strong>naturam,</strong></span> <span class='ocrx_word' id='word_1_694' title='bbox 1679 4951 1715 5007; x_wconf 92' lang='lat' dir='ltr'><strong>de</strong></span> <span class='ocrx_word' id='word_1_695' title='bbox 1729 4953 1876 5008; x_wconf 90' lang='lat' dir='ltr'><strong>montanis</strong></span> 
     </span>
     <span class='ocr_line' id='line_1_54' title="bbox 178 5029 1878 5111; baseline 0.005 -22"><span class='ocrx_word' id='word_1_696' title='bbox 178 5032 229 5089; x_wconf 88' lang='lat' dir='ltr'><strong>sed</strong></span> <span class='ocrx_word' id='word_1_697' title='bbox 244 5049 304 5089; x_wconf 87' lang='lat' dir='ltr'><strong>suae</strong></span> <span class='ocrx_word' id='word_1_698' title='bbox 318 5032 413 5105; x_wconf 88' lang='lat' dir='ltr'><strong>gentis</strong></span> <span class='ocrx_word' id='word_1_699' title='bbox 423 5030 639 5087; x_wconf 89' lang='lat' dir='ltr'><strong>damnationem</strong></span> <span class='ocrx_word' id='word_1_700' title='bbox 649 5029 782 5101; x_wconf 88' lang='lat' dir='ltr'><strong>timebat,</strong></span> <span class='ocrx_word' id='word_1_701' title='bbox 794 5032 997 5104; x_wconf 87' lang='lat' dir='ltr'><strong>atqueidcireo</strong></span> <span class='ocrx_word' id='word_1_702' title='bbox 1053 5043 1082 5094; x_wconf 89' lang='lat' dir='ltr'><strong>et</strong></span> <span class='ocrx_word' id='word_1_703' title='bbox 1093 5037 1193 5094; x_wconf 92' lang='lat' dir='ltr'><strong>arduis</strong></span> <span class='ocrx_word' id='word_1_704' title='bbox 1216 5039 1250 5094; x_wconf 92' lang='lat' dir='ltr'><strong>ad</strong></span> <span class='ocrx_word' id='word_1_705' title='bbox 1265 5038 1379 5110; x_wconf 85' lang='lat' dir='ltr'><strong>ioppen</strong></span> <span class='ocrx_word' id='word_1_706' title='bbox 1396 5039 1431 5095; x_wconf 94' lang='lat' dir='ltr'><strong>ad</strong></span> <span class='ocrx_word' id='word_1_707' title='bbox 1454 5038 1631 5111; x_wconf 85' lang='lat' dir='ltr'><strong>campestria</strong></span> <span class='ocrx_word' id='word_1_708' title='bbox 1648 5038 1779 5108; x_wconf 89' lang='lat' dir='ltr'><strong>veniens,</strong></span> <span class='ocrx_word' id='word_1_709' title='bbox 1800 5046 1878 5097; x_wconf 88' lang='lat' dir='ltr'><strong>recto</strong></span> 
     </span>
     <span class='ocr_line' id='line_1_55' title="bbox 177 5119 1878 5198; baseline 0.005 -22"><span class='ocrx_word' id='word_1_710' title='bbox 177 5121 294 5193; x_wconf 88' lang='lat' dir='ltr'><strong>fugiens</strong></span> <span class='ocrx_word' id='word_1_711' title='bbox 310 5139 367 5178; x_wconf 94' lang='lat' dir='ltr'><strong>non</strong></span> <span class='ocrx_word' id='word_1_712' title='bbox 384 5121 511 5178; x_wconf 90' lang='lat' dir='ltr'><strong>multam</strong></span> <span class='ocrx_word' id='word_1_713' title='bbox 529 5120 584 5176; x_wconf 92' lang='lat' dir='ltr'><strong>Deo</strong></span> <span class='ocrx_word' id='word_1_714' title='bbox 598 5119 782 5191; x_wconf 85' lang='lat' dir='ltr'><strong>displicebat.</strong></span> <span class='ocrx_word' id='word_1_715' title='bbox 797 5122 858 5177; x_wconf 90' lang='lat' dir='ltr'><strong>tmo</strong></span> <span class='ocrx_word' id='word_1_716' title='bbox 878 5128 998 5196; x_wconf 91' lang='lat' dir='ltr'><strong>propter</strong></span> <span class='ocrx_word' id='word_1_717' title='bbox 1052 5125 1241 5182; x_wconf 86' lang='lat' dir='ltr'><strong>descendisse</strong></span> <span class='ocrx_word' id='word_1_718' title='bbox 1265 5125 1382 5195; x_wconf 92' lang='lat' dir='ltr'><strong>dicitur,</strong></span> <span class='ocrx_word' id='word_1_719' title='bbox 1406 5132 1434 5182; x_wconf 93' lang='lat' dir='ltr'><strong>et</strong></span> <span class='ocrx_word' id='word_1_720' title='bbox 1461 5125 1590 5183; x_wconf 89' lang='lat' dir='ltr'><strong>notanda</strong></span> <span class='ocrx_word' id='word_1_721' title='bbox 1604 5126 1720 5198; x_wconf 88' lang='lat' dir='ltr'><strong>fugitivi</strong></span> <span class='ocrx_word' id='word_1_722' title='bbox 1736 5132 1766 5184; x_wconf 89' lang='lat' dir='ltr'><strong>et</strong></span> <span class='ocrx_word' id='word_1_723' title='bbox 1780 5128 1878 5185; x_wconf 91' lang='lat' dir='ltr'><strong>timidi</strong></span> 
     </span>
     <span class='ocr_line' id='line_1_56' title="bbox 176 5207 1879 5290; baseline 0.005 -24"><span class='ocrx_word' id='word_1_724' title='bbox 176 5210 294 5283; x_wconf 82' lang='lat' dir='ltr'><strong>pietatis</strong></span> <span class='ocrx_word' id='word_1_725' title='bbox 314 5211 545 5282; x_wconf 82' lang='lat' dir='ltr'><strong>magnitudinem</strong></span> <span class='ocrx_word' id='word_1_726' title='bbox 569 5207 883 5281; x_wconf 79' lang='lat' dir='ltr'><strong>valdecomplacebat.</strong></span> <span class='ocrx_word' id='word_1_727' title='bbox 904 5213 997 5285; x_wconf 82' lang='lat' dir='ltr'><strong>Magis</strong></span> <span class='ocrx_word' id='word_1_728' title='bbox 1052 5212 1210 5271; x_wconf 89' lang='lat' dir='ltr'><strong>festinatio.</strong></span> <span class='ocrx_word' id='word_1_729' title='bbox 1239 5214 1303 5270; x_wconf 92' lang='lat' dir='ltr'><strong>Non</strong></span> <span class='ocrx_word' id='word_1_730' title='bbox 1324 5213 1422 5271; x_wconf 91' lang='lat' dir='ltr'><strong>locum</strong></span> <span class='ocrx_word' id='word_1_731' title='bbox 1448 5216 1523 5288; x_wconf 84' lang='lat' dir='ltr'><strong>fuga</strong></span> <span class='ocrx_word' id='word_1_732' title='bbox 1552 5215 1646 5271; x_wconf 89' lang='lat' dir='ltr'><strong>otiose</strong></span> <span class='ocrx_word' id='word_1_733' title='bbox 1671 5215 1879 5290; x_wconf 87' lang='lat' dir='ltr'><strong>elegit,aeque</strong></span> 
     </span>
     <span class='ocr_line' id='line_1_57' title="bbox 175 5296 1875 5379; baseline 0.004 -23"><span class='ocrx_word' id='word_1_734' title='bbox 175 5300 331 5374; x_wconf 89' lang='lat' dir='ltr'><strong>displicere</strong></span> <span class='ocrx_word' id='word_1_735' title='bbox 343 5299 524 5374; x_wconf 88' lang='lat' dir='ltr'><strong>potuisset,si</strong></span> <span class='ocrx_word' id='word_1_736' title='bbox 537 5296 927 5370; x_wconf 75' lang='lat' dir='ltr'><strong>nandoleret‚sicutltlcyses</strong></span> <span class='ocrx_word' id='word_1_737' title='bbox 939 5319 995 5358; x_wconf 90' lang='lat' dir='ltr'><strong>naa</strong></span> <span class='ocrx_word' id='word_1_738' title='bbox 1054 5302 1130 5359; x_wconf 89' lang='lat' dir='ltr'><strong>enirn</strong></span> <span class='ocrx_word' id='word_1_739' title='bbox 1146 5304 1182 5359; x_wconf 89' lang='lat' dir='ltr'><strong>ed</strong></span> <span class='ocrx_word' id='word_1_740' title='bbox 1206 5307 1318 5359; x_wconf 88' lang='lat' dir='ltr'><strong>certum</strong></span> <span class='ocrx_word' id='word_1_741' title='bbox 1337 5302 1437 5376; x_wconf 89' lang='lat' dir='ltr'><strong>fugere</strong></span> <span class='ocrx_word' id='word_1_742' title='bbox 1463 5303 1600 5374; x_wconf 89' lang='lat' dir='ltr'><strong>cupiebat</strong></span> <span class='ocrx_word' id='word_1_743' title='bbox 1625 5303 1734 5375; x_wconf 90' lang='lat' dir='ltr'><strong>locum,</strong></span> <span class='ocrx_word' id='word_1_744' title='bbox 1750 5306 1800 5362; x_wconf 90' lang='lat' dir='ltr'><strong>sed</strong></span> <span class='ocrx_word' id='word_1_745' title='bbox 1815 5309 1875 5379; x_wconf 90' lang='lat' dir='ltr'><strong>pri-</strong></span> 
     </span>
     <span class='ocr_line' id='line_1_58' title="bbox 177 5384 1875 5467; baseline 0.004 -21"><span class='ocrx_word' id='word_1_746' title='bbox 177 5390 457 5465; x_wconf 89' lang='lat' dir='ltr'><strong>displicuitdieendo</strong></span> <span class='ocrx_word' id='word_1_747' title='bbox 471 5405 477 5444; x_wconf 94' lang='lat'>:</span> <span class='ocrx_word' id='word_1_748' title='bbox 491 5390 543 5443; x_wconf 82' lang='lat' dir='ltr'><strong>Ant</strong></span> <span class='ocrx_word' id='word_1_749' title='bbox 556 5385 663 5442; x_wconf 83' lang='lat' dir='ltr'><strong>dimitte</strong></span> <span class='ocrx_word' id='word_1_750' title='bbox 676 5384 716 5443; x_wconf 82' lang='lat' dir='ltr'><strong>eis</strong></span> <span class='ocrx_word' id='word_1_751' title='bbox 734 5386 805 5444; x_wconf 81' lang='lat' dir='ltr'><strong>tanc</strong></span> <span class='ocrx_word' id='word_1_752' title='bbox 819 5405 932 5458; x_wconf 79' lang='lat' dir='ltr'><strong>nocam,</strong></span> <span class='ocrx_word' id='word_1_753' title='bbox 949 5393 997 5447; x_wconf 89' lang='lat' dir='ltr'><strong>out</strong></span> <span class='ocrx_word' id='word_1_754' title='bbox 1053 5407 1132 5447; x_wconf 89' lang='lat' dir='ltr'><strong>mam</strong></span> <span class='ocrx_word' id='word_1_755' title='bbox 1149 5391 1253 5463; x_wconf 90' lang='lat' dir='ltr'><strong>arripit</strong></span> <span class='ocrx_word' id='word_1_756' title='bbox 1278 5391 1461 5450; x_wconf 87' lang='lat' dir='ltr'><strong>occasionem</strong></span> <span class='ocrx_word' id='word_1_757' title='bbox 1486 5392 1643 5466; x_wconf 89' lang='lat' dir='ltr'><strong>navigandi</strong></span> <span class='ocrx_word' id='word_1_758' title='bbox 1671 5393 1803 5467; x_wconf 88' lang='lat' dir='ltr'><strong>quolibet</strong></span> <span class='ocrx_word' id='word_1_759' title='bbox 1831 5396 1875 5454; x_wconf 91' lang='lat' dir='ltr'><strong>ire</strong></span> 
     </span>
     <span class='ocr_line' id='line_1_59' title="bbox 176 5473 1874 5552; baseline 0.003 -14"><span class='ocrx_word' id='word_1_760' title='bbox 176 5497 199 5538; x_wconf 83' lang='lat' dir='ltr'><strong>rr</strong></span> <span class='ocrx_word' id='word_1_761' title='bbox 209 5495 263 5536; x_wconf 90' lang='lat' dir='ltr'><strong>nen</strong></span> <span class='ocrx_word' id='word_1_762' title='bbox 277 5482 359 5552; x_wconf 77' lang='lat' dir='ltr'><strong>tacis,</strong></span> <span class='ocrx_word' id='word_1_763' title='bbox 372 5478 434 5536; x_wconf 87' lang='lat' dir='ltr'><strong>dele</strong></span> <span class='ocrx_word' id='word_1_764' title='bbox 456 5494 500 5533; x_wconf 87' lang='lat' dir='ltr'><strong>me</strong></span> <span class='ocrx_word' id='word_1_765' title='bbox 513 5476 547 5533; x_wconf 83' lang='lat' dir='ltr'><strong>de</strong></span> <span class='ocrx_word' id='word_1_766' title='bbox 563 5473 636 5532; x_wconf 83' lang='lat' dir='ltr'><strong>libro</strong></span> <span class='ocrx_word' id='word_1_767' title='bbox 650 5492 730 5547; x_wconf 78' lang='lat' dir='ltr'><strong>quem</strong></span> <span class='ocrx_word' id='word_1_768' title='bbox 743 5480 881 5551; x_wconf 78' lang='lat' dir='ltr'><strong>scripsisti</strong></span> <span class='ocrx_word' id='word_1_769' title='bbox 894 5479 996 5551; x_wconf 78' lang='lat' dir='ltr'><strong>(fiand.</strong></span> <span class='ocrx_word' id='word_1_770' title='bbox 1052 5480 1204 5540; x_wconf 81' lang='lat' dir='ltr'><strong>testinans.</strong></span> <span class='ocrx_word' id='word_1_771' title='bbox 1219 5482 1471 5541; x_wconf 76' lang='lat' dir='ltr'><strong>sectandumhanc</strong></span> <span class='ocrx_word' id='word_1_772' title='bbox 1486 5482 1714 5540; x_wconf 88' lang='lat' dir='ltr'><strong>similitudinem</strong></span> <span class='ocrx_word' id='word_1_773' title='bbox 1731 5485 1874 5544; x_wconf 91' lang='lat' dir='ltr'><strong>Dominus</strong></span> 
     </span>
     <span class='ocr_line' id='line_1_60' title="bbox 174 5564 1871 5648; baseline 0.004 -21"><span class='ocrx_word' id='word_1_774' title='bbox 174 5570 275 5643; x_wconf 82' lang='lat' dir='ltr'><strong>mn).</strong></span> <span class='ocrx_word' id='word_1_775' title='bbox 297 5569 356 5628; x_wconf 89' lang='lat' dir='ltr'><strong>Noe</strong></span> <span class='ocrx_word' id='word_1_776' title='bbox 380 5567 540 5641; x_wconf 79' lang='lat' dir='ltr'><strong>Apostolus</strong></span> <span class='ocrx_word' id='word_1_777' title='bbox 561 5564 691 5638; x_wconf 90' lang='lat' dir='ltr'><strong>optando</strong></span> <span class='ocrx_word' id='word_1_778' title='bbox 715 5582 780 5624; x_wconf 89' lang='lat' dir='ltr'><strong>esse</strong></span> <span class='ocrx_word' id='word_1_779' title='bbox 799 5567 956 5625; x_wconf 88' lang='lat' dir='ltr'><strong>anathema</strong></span> <span class='ocrx_word' id='word_1_780' title='bbox 979 5586 996 5627; x_wconf 91' lang='lat' dir='ltr'><strong>a</strong></span> <span class='ocrx_word' id='word_1_781' title='bbox 1052 5576 1152 5629; x_wconf 87' lang='lat' dir='ltr'><strong>noster</strong></span> <span class='ocrx_word' id='word_1_782' title='bbox 1167 5572 1350 5646; x_wconf 78' lang='lat' dir='ltr'><strong>synagogam</strong></span> <span class='ocrx_word' id='word_1_783' title='bbox 1359 5570 1503 5630; x_wconf 89' lang='lat' dir='ltr'><strong>introiens</strong></span> <span class='ocrx_word' id='word_1_784' title='bbox 1517 5574 1666 5645; x_wconf 89' lang='lat' dir='ltr'><strong>quondam</strong></span> <span class='ocrx_word' id='word_1_785' title='bbox 1681 5574 1845 5648; x_wconf 85' lang='lat' dir='ltr'><strong>speciosam</strong></span> <span class='ocrx_word' id='word_1_786' title='bbox 1863 5593 1871 5634; x_wconf 90' lang='lat'><strong>:</strong></span> 
     </span>
    </p>
   </div>
   <div class='ocr_carea' id='block_1_9' title="bbox 0 0 1927 6014">
    <p class='ocr_par' dir='ltr' id='par_1_9' title="bbox 0 0 1927 6014">
     <span class='ocr_line' id='line_1_61' title="bbox 0 0 1927 6014; baseline 0 0"><span class='ocrx_word' id='word_1_787' title='bbox 0 0 1927 6014; x_wconf 95' lang='lat' dir='ltr'><strong> </strong></span> 
     </span>
    </p>
   </div>
  </div>
 </body>
</html>
