3826 6014
97 189 159 251 ree
443 154 652 249 conrnune.
676 181 717 244 nt
738 183 797 247 nn
819 182 962 249 rncnn
986 185 1130 250 nm.-
1150 186 1191 250 m
1212 186 1322 250 osee
1344 190 1426 254 me·
1443 190 1485 255 v
1750 172 1813 261 ecc
1863 210 1867 215 ·
1908 222 1912 239 ·

94 319 254 394 irrependo
269 321 367 376 entem
383 314 504 386 sulcos
530 317 559 373 td
585 317 664 390 quod
677 321 792 374 eretum
804 322 859 388 eet,
872 317 1091 397 idn-Aetettm
1107 337 1176 393 nure
1191 322 1228 377 ds
1243 321 1353 380 iudeis
1368 326 1522 405 adgentes
1537 329 1813 411 eedemeencttttce

93 409 931 484 neumDtedsemenccutegendumetqueconiovendum
987 410 1075 467 tionis
1091 426 1157 467 erce
1174 413 1320 475 transivit.
1332 414 1485 484 subjunxit
1495 423 1584 488 etque
1593 418 1645 475 eet
1656 402 1813 478 invenimur

95 500 324 574 Conpretutetur
338 501 469 573 protinus
483 500 657 572 prophetice
681 502 784 571 gretie
809 501 933 573 spiritus
985 516 1045 557 eom
1060 502 1090 555 in
1105 505 1213 571 rumpis
1228 502 1304 558 eitun
1319 503 1427 573 (iiiut
1444 506 1471 559 id
1488 522 1518 561 e
1521 514 1532 560 t
1546 521 1575 561 m
1580 500 1746 581 gentibue,
1761 511 1811 584 qui

97 590 586 666 agricolieeireeretnrtbueistie,
607 597 632 644 et
663 589 756 646 dicit:
787 588 933 646 Seminute
986 589 1232 663 deeitvecempi,
1248 582 1672 655 detructuosisctiltite'siicti
1693 592 1763 656 eiint
1785 609 1815 658 ct

93 681 201 739 rotis
188 680 356 751 injustitie,
373 677 563 735 menteinore
574 675 784 742 misericordiae.
801 683 933 734 innuente
987 677 1115 734 fecundi.
1130 678 1223 750 Igitur
1237 681 1367 735 innovate
1381 682 1454 736 cotie
1469 683 1576 746 novule,
1581 685 1608 738 id
1622 676 1813 771 eetgeutibus

97 772 176 829 vetit
186 770 293 825 nocnte.
307 765 580 840 Semineutquippe
592 766 809 838 predicatores,
812 769 932 839 quendo
987 765 1120 838 tuingen
1125 779 1174 822 um
1190 767 1297 823 Christi
1315 770 1509 838 predicando,
1523 788 1627 829 novem
1642 762 1812 863 Eoctesiem,

98 859 226 916 verbum
243 857 440 923 annuntient,
459 863 573 912 metunt
585 861 683 912 eutem
688 857 818 927 ,quondo
829 857 865 911 de
876 871 934 911 cre·
987 870 1092 910 novum
1108 855 1314 926 acquisitionis
1329 861 1468 930 poputum
1483 862 1590 917 nobie
1583 871 1692 933 pereto,
1696 842 1760 921 Dee
1777 854 1814 922 ed

99 948 239 1007 dentium
256 944 441 1002 consessione
456 945 614 1002 exsultent.
633 944 778 1001 Idcirco
756 961 798 1002 etc
814 943 933 1015 pulchre
985 949 1111 999 ventrem
1125 946 1251 1001 eetutem
1268 953 1297 1002 et
1312 948 1433 1017 glorium
1447 951 1597 1022 acquirite.
1613 953 1645 1007 tt
1661 958 1742 1025 quin?
1747 970 1814 1011 cum
1896 998 1901 1015 ,

96 1038 276 1094 distructum
292 1040 348 1102 est
365 1036 501 1091 seminate
516 1035 616 1090 voitu
606 1050 635 1090 in
647 1032 773 1106 iustitio
794 1032 915 1089 metite
902 1050 934 1089 in
984 1033 1268 1105 pinitndopennnm
1284 1036 1580 1106 subintroeuntium
1606 1028 1813 1135 rittiit‘prum

98 1143 147 1184 ore
161 1122 378 1189 misericordie,
389 1123 605 1197 quievidetieot
608 1121 934 1196 ,sicuttpnstctueeit,
985 1128 1040 1189 est,
1057 1129 1170 1179 etcum
1189 1123 1392 1181 misericordia
1408 1127 1540 1197 respiciet
1558 1116 1766 1201 vitulum,1d
1769 1130 1815 1191 ee't

102 1214 185 1272 corde
213 1213 387 1269 crediturne
410 1211 565 1284 justitium,
580 1227 626 1268 ore
641 1216 733 1268 nutem
754 1228 803 1268 con
804 1214 889 1282 {ectio
902 1214 935 1284 fit
985 1212 1169 1286 synagogem
1185 1214 1369 1286 illumcujus
1385 1233 1437 1287 nu}
1438 1234 1469 1273 er
1481 1204 1731 1293 pniohritudieem
1736 1240 1766 1278 e
1771 1223 1816 1292 tti,

96 1305 133 1362 ed
147 1304 268 1360 satutem
282 1304 372 1374 (Rom.
388 1301 428 1372 x).
445 1301 480 1358 dt
502 1302 572 1374 quie
593 1318 647 1358 sue
673 1302 801 1375 quisque
817 1300 934 1371 justitie
987 1314 1066 1357 nunc
1082 1310 1138 1355 tem
1155 1316 1255 1358 serere
1271 1303 1416 1359 transivit.
1430 1304 1569 1375 Sequitur
1584 1314 1613 1362 et
1627 1300 1721 1365 dien:
1744 1311 1819 1366 Tem-

98 1394 144 1450 eei
161 1392 259 1449 seluto
274 1398 506 1448 conteutueesse
523 1407 580 1447 nou
597 1392 694 1460 dehet,
711 1392 761 1447 sed
779 1390 849 1447 dere
864 1407 931 1461 ope·
985 1404 1037 1460 pus
1052 1394 1147 1445 eutem
1157 1392 1323 1464 requirendi
1338 1392 1499 1460 Dominum,
1515 1412 1577 1451 eum
1594 1378 1759 1470 ceneritqni
1773 1398 1819 1457 do'·

98 1499 176 1549 rem,
194 1487 226 1537 ut
240 1479 329 1536 etiem
355 1480 429 1536 elios
450 1481 552 1547 enitet,
577 1480 733 1552 subjungit
756 1486 843 1552 utque
867 1480 931 1536 eit·
985 1481 1059 1537 cebet
1073 1498 1119 1538 vor
1126 1483 1282 1554 justitiam
1295 1485 1424 1559 Tempus
1437 1488 1716 1561 quipperequtrendt
1728 1493 1819 1549 Domi

100 1569 448 1630 innonuteucbienuunie.
466 1569 567 1626 Noeuie
588 1570 696 1643 quippe
725 1570 874 1637 innovare,
889 1573 935 1624 est
985 1566 1816 1650 nnmreliquiislsreettonuerit,cumplenitudopentinm

97 1658 524 1731 iucuttepriuelcceexcciere,
528 1658 932 1732 utpotesettibuseprenure.
985 1660 1190 1718 subintroierit.
1207 1663 1290 1719 Tunc
1305 1667 1383 1720 enim
1400 1666 1496 1721 reniet
1511 1667 1652 1724 Dominus
1668 1674 1696 1725 et
1711 1656 1816 1727 decedit

102 1757 193 1809 Porro
208 1755 312 1822 gentes
328 1752 411 1822 prius
426 1757 510 1807 erent
534 1750 619 1823 quusi
644 1750 734 1819 sitve,
761 1750 900 1807 nimirum
917 1721 1198 1822 nBecejustninm
1216 1753 1388 1825 iniquitute
1389 1742 1501 1820 nverie,
1518 1746 1769 1830 qdetriedmodum
1785 1765 1815 1817 et
1903 1746 1908 1751 ¹

99 1841 181 1905 ferie,
197 1838 331 1895 videlicet
356 1837 494 1913 malignis
519 1840 672 1910 spiritibus
695 1841 833 1896 obscene.
861 1839 932 1896 Nem
985 1840 1146 1913 Apostolus
1161 1857 1228 1897 cum
1244 1842 1367 1898 dixisset
1369 1830 1814 1927 ,puieeaecitneenpurteeonti

102 1938 222 1986 econtra
236 1927 457 2000 compereticne
472 1931 604 2000 gentium
621 1927 716 1985 indici
731 1929 838 1984 domue
849 1932 934 1984 erent
985 1931 1052 2003 pit
1041 1946 1072 1987 in
1087 1931 1185 2000 tn·,nei
1200 1931 1284 1987 donee
1297 1932 1445 2005 plenitudo
1456 1937 1600 2007 pennum
1606 1936 1814 2010 subintroierit,

102 2021 243 2093 pulchre,
268 2027 344 2074 terre
358 2019 439 2074 cutte
463 2028 491 2074 et
516 2017 650 2075 otvttetes
670 2016 827 2091 opulente
850 2017 933 2075 Unde
986 2020 1518 2090 etsiccmnislereelselvueiteret,
1534 2014 1816 2101 testimouiumpro·

103 2109 261 2166 Peelmiete
276 2124 345 2164 cum
365 2108 506 2165 dixisset:
523 2110 595 2164 Ecce
605 2109 832 2164 audivimueenm
847 2108 932 2179 (Puni.
987 2109 1135 2182 photinum
1151 2126 1312 2182 upipcnene,
1327 2111 1415 2177 sicut,
1431 2112 1482 2181 eit,
1497 2116 1640 2186 scriptum
1653 2128 1708 2172 est:
1720 2117 1815 2174 tenter

105 2201 209 2272 cxxxi),
220 2197 336 2256 eciiicet
351 2197 520 2266 Ecctesium,
537 2198 598 2255 sive
617 2198 775 2255 Dominice
796 2201 934 2256 lucerne·
986 2215 1023 2254 en
1037 2198 1103 2257 Sion
1117 2201 1166 2272 qui
1178 2202 1281 2271 eripiet
1299 2206 1324 2256 et
1337 2208 1448 2259 euertat
1475 2202 1647 2276 impietatem
1670 2206 1704 2262 nd
1730 2207 1813 2265 tecet

101 2289 189 2347 tionis
201 2293 231 2344 et
240 2286 558 2357 eenctifluetiouieejue
571 2303 663 2344 urcem
676 2287 705 2344 iu
717 2288 855 2360 Ephrete,
868 2304 932 2361 que
987 2289 1054 2356 (len.
1071 2289 1136 2360 uix).

101 2385 145 2436 eet
157 2378 374 2450 Bethleem,per
384 2376 810 2452 ephratemtudeoejntettigi
818 2376 931 2446 voleus,

701 2787 884 2884 LIBER
919 2784 1200 2900 QUINTUS.

140 3069 930 3150 ilPrcpterprnphetiepresentisordinemillustrius
945 3071 967 3140 c
985 3071 1075 3142 (Pron.
1092 3073 1134 3144 n),
1151 3071 1257 3130 similis
1273 3076 1317 3129 est
1333 3072 1452 3129 metenti
1467 3090 1475 3142 ς
1490 3089 1558 3130 enm
1575 3073 1680 3130 deinde
1695 3075 1729 3130 ed
1754 3074 1807 3132 hoc

115 3169 303 3231 retinendum,
316 3164 499 3237 jamdictum
512 3163 656 3220 etiterum
669 3160 933 3233 etqusiterumdi·
986 3163 1074 3217 etiem
1090 3164 1229 3234 eruperit,
1247 3170 1278 3218 ut
1292 3163 1419 3235 superbo
1435 3164 1551 3235 spiritu,
1576 3181 1630 3220 suu
1649 3171 1749 3220 contre
1766 3181 1809 3222 re·

118 3259 231 3314 cendum
246 3260 306 3326 est,
321 3269 391 3327 quie
406 3256 442 3309 eb
457 3268 491 3309 ec
507 3252 584 3324 quod
599 3252 651 3318 eit,
666 3266 719 3308 non
730 3258 771 3307 est
782 3252 895 3316 veritur,
906 3255 933 3306 et
987 3251 1179 3324 durgueutem
1193 3252 1285 3324 iugem
1301 3252 1349 3309 Dei
1367 3257 1485 3324 pecunie
1496 3255 1643 3319 detondet,
1653 3267 1678 3311 et
1692 3271 1813 3312 securus

117 3363 161 3403 eun
174 3357 215 3405 eet
228 3344 349 3403 retentio
362 3345 392 3398 in
403 3348 481 3399 terro
496 3343 566 3405 tore.
583 3340 634 3411 tv),
645 3345 754 3412 septies
776 3357 871 3412 usque
896 3339 933 3398 ud
987 3343 1102 3397 incedet
1116 3342 1203 3398 corde
1218 3342 1426 3415 impmniteuti,
1440 3343 1547 3399 similis
1562 3349 1607 3399 est
1622 3343 1659 3409 ci,
1673 3346 1723 3417 qui
1749 3350 1816 3417 post

120 3438 194 3494 tuem
209 3433 370 3492 votuminie
386 3438 503 3504 percute
516 3437 730 3488 commemoret
744 3436 833 3504 etque
849 3429 933 3501 repti-
988 3447 1113 3487 messem
1130 3432 1297 3487 reconditos
1317 3434 1431 3487 tructus
1449 3433 1587 3488 contedit.
1606 3434 1730 3491 Proinde
1745 3451 1811 3491 cum

123 3533 168 3589 net,
179 3532 207 3582 et
220 3541 273 3599 per
287 3521 419 3593 singulus
435 3520 511 3577 vices
525 3519 555 3575 in
567 3521 716 3577 cortuum
730 3536 827 3575 sermo
838 3535 933 3576 recur-
985 3520 1404 3592 dixisset,cumedietittruetum
1417 3521 1567 3588 mendacii,
1581 3522 1812 3596 continuoquesi

123 3617 162 3682 rit,
174 3615 216 3686 qui
228 3614 312 3670 scine
324 3610 459 3668 omnium
484 3609 667 3666 credentium
683 3613 769 3679 etque
790 3611 931 3679 poeniten·
987 3613 1168 3681 quereretur
1180 3612 1216 3664 eb
1233 3611 1331 3683 utiquo
1347 3609 1465 3665 iliorum
1483 3612 1529 3667 cui
1547 3610 1608 3667 bec
1632 3611 1712 3677 dicit,
1738 3629 1813 3685 quo·

124 3704 183 3759 tium
191 3702 307 3775 justitie
320 3705 377 3757 est.
393 3696 526 3757 Secunde
539 3701 598 3769 jem
611 3699 676 3754 uice
691 3699 727 3754 eb
741 3715 775 3754 ec
790 3699 867 3771 quod
881 3699 931 3754 eit:
986 3696 1122 3752 modove!
1133 3714 1222 3768 truens
1232 3696 1304 3754 dicit
1316 3699 1392 3770 qttod
1403 3700 1582 3755 coiiiederim
1592 3705 1718 3756 trucium
1732 3718 1815 3757 meu-

123 3793 170 3863 tpci
180 3807 269 3850 netem
281 3792 354 3849 sieut
366 3790 452 3848 ddum
467 3791 631 3858 trnnepreiei
644 3795 709 3845 sunt
726 3793 839 3861 portum
858 3787 931 3859 (One.
985 3785 1076 3855 ducii,
1092 3786 1247 3856 subinnuit
1261 3794 1350 3861 etque
1365 3787 1424 3843 eit:
1443 3787 1514 3856 Quin
1529 3787 1648 3858 confiunt
1658 3803 1685 3844 er
1707 3791 1737 3844 in
1763 3791 1816 3846 uiis

123 3884 162 3953 n),
174 3883 257 3956 longe
271 3887 301 3939 et
316 3879 483 3938 vehementi
511 3878 722 3934 deotemeticne
746 3886 931 3950 peccatorum
986 3873 1052 3931 tuis.
1070 3874 1147 3931 Item
1160 3875 1237 3930 enim
1250 3883 1296 3931 est
1309 3893 1342 3931 er.
1354 3879 1378 3932 si
1395 3876 1493 3932 dicet:
1507 3876 1581 3940 Quin
1596 3883 1625 3931 tu
1639 3884 1754 3947 peccete
1765 3887 1817 3935 tue

124 3971 278 4029 dectemsuit
292 3969 503 4027 ebuudentium
528 3968 572 4024 eic
595 3967 792 4023 concludens:
819 3968 933 4035 Tempus
986 3966 1113 4038 superbe
1130 3981 1243 4021 uerene
1257 3964 1402 4023 deiendis.
1419 3967 1534 4023 ttisdem
1551 3969 1740 4024 incrementis
1755 3969 1816 4026 cri·

124 4074 199 4120 eutem
214 4059 375 4137 requirendi
392 4062 542 4116 Dominum
559 4057 749 4122 cumvenerit,
765 4060 814 4130 qui
826 4058 933 4116 inicedit
985 4054 1094 4126 sinuit,
1111 4055 1138 4110 id
1156 4065 1198 4111 eet
1214 4057 1283 4112 Adae
1299 4060 1462 4125 peceatum,
1481 4054 1628 4127 pere'rtum
1645 4064 1700 4113 eti·
1718 4057 1814 4114 Primo

124 4156 311 4224 nitentium.
328 4149 425 4206 Tertio
442 4165 520 4204 nunc
535 4149 635 4204 sedem
655 4155 773 4219 peccate
798 4160 933 4221 repetens
986 4142 1281 4215 quippeitnpietetem
1292 4144 1518 4215 erevit,quendc
1530 4143 1812 4202 Deisirnilitudinem

125 4238 204 4297 dicit:
218 4241 333 4296 Arnetu.
356 4235 539 4307 impietatem,
566 4236 741 4307 iniquitatum
768 4235 931 4298 menits-tie,
986 4235 1137 4304 appetivit.
1155 4235 1216 4288 Nini
1233 4232 1310 4288 enim
1324 4231 1404 4288 intus
1422 4233 1502 4303 prius
1516 4233 1685 4299 tumuisset,
1699 4235 1754 4290 nisi
1771 4236 1816 4289 di·

123 4329 262 4386 unedone
274 4325 556 4400 truetummenducii,
572 4325 638 4397 puin
653 4323 772 4395 confines
787 4340 814 4379 ee
836 4326 865 4379 in
881 4327 934 4382 uiis
987 4321 1137 4376 trinitatem
1169 4323 1210 4377 vel
1245 4321 1351 4377 divine
1389 4323 1553 4392 mejestatis
1588 4322 1815 4380 similitudinem

123 4423 176 4477 ieie.
190 4418 347 4492 Aptissime
363 4415 646 4488 persimititudiuem
660 4413 934 4482 arentiummeten·
949 4429 971 4496 ὓ
987 4412 1155 4482 appetisset,
1173 4411 1244 4468 ioris
1260 4418 1389 4467 tentatus
1406 4421 1466 4466 tem
1491 4411 1575 4467 iuctle
1606 4429 1663 4468 non
1689 4416 1816 4474 eederet.

122 4510 194 4574 tium,
209 4519 237 4566 et
251 4507 362 4564 tructus
377 4521 448 4561 suos
457 4501 675 4561 comedentium
688 4506 877 4574 pertinentem
889 4507 933 4561 in·
990 4501 1099 4556 Deinde
1114 4501 1301 4574 iniquitatem
1328 4506 1463 4559 messuit.
1488 4503 1608 4574 quondo
1634 4505 1816 4577 propositum

122 4597 318 4670 corrigibiiium
333 4597 454 4651 denotet
475 4601 660 4665 peceetorum
686 4593 735 4663 qui
763 4595 837 4648 nnete
861 4597 932 4650 inci·
988 4591 1502 4662 sibipreceptumdetignoscientie
1512 4594 1579 4649 boni
1591 4610 1623 4648 ec
1636 4595 1703 4651 meli
1718 4602 1814 4652 treus-

122 4688 214 4759 piendu
229 4702 258 4743 tn
274 4685 359 4759 peius
375 4682 540 4754 proficiunt,
552 4687 581 4737 et
597 4680 867 4749 pessimeilnientee
882 4685 931 4741 de·
986 4695 1107 4752 gressus
1133 4686 1179 4735 est
1216 4681 1292 4751 (Gen.
1318 4688 1374 4746 ιιι),
1398 4681 1570 4738 inobediens
1593 4683 1657 4740 voci
1687 4684 1812 4759 Domini,

122 4776 223 4833 tinient.
238 4772 414 4832 sicutenim
429 4771 490 4826 hec
507 4786 558 4843 per
581 4768 763 4826 incrementa
786 4771 934 4842 differunt,
989 4768 1099 4826 Deinde
1114 4771 1241 4825 comedit
1255 4770 1381 4826 fructum
1400 4771 1554 4842 mordenti,
1571 4776 1685 4842 quaudo
1699 4773 1729 4828 iu
1747 4776 1811 4846 ipso

118 4881 200 4933 erere,
217 4876 324 4921 metere
337 4868 365 4918 et
375 4861 526 4917 comedere
537 4858 722 4927 rennuente
735 4859 764 4914 in
777 4864 934 4929 peenetori·
989 4867 1109 4933 peccato
1120 4858 1176 4915 eibi
1186 4860 1374 4931 compienne,
1385 4876 1476 4932 seque
1486 4861 1626 4917 edversue
1640 4865 1816 4935 rudunguen·

117 4954 343 5013 instruentium
355 4950 591 5024 perinnremsnte
609 4954 716 5019 pennen
729 4948 860 5005 divinum
874 4969 936 5024 pcr-
987 4955 1046 5006 tem
1065 4955 1153 5006 Deum
1168 4948 1310 5006 defendit.
1329 4949 1437 5005 Exinde
1453 4950 1551 5006 omnis
1566 4951 1669 5009 vitiose
1686 4970 1817 5029 propegc

116 5042 375 5119 penditjndieinm.
403 5039 531 5112 Denique
556 5055 624 5095 oum
652 5040 800 5110 proposito
825 5042 933 5112 peccati
988 5038 1816 5116 vitintiperentieeedemincrementocontruxit,exempii

115 5152 193 5208 opere
206 5138 364 5205 corruptus
379 5128 492 5185 teboret
506 5127 622 5184 enimus
637 5133 794 5197 versatque
804 5131 933 5203 cogitatu
988 5128 1092 5203 gretie,
1111 5134 1142 5184 ut
1156 5127 1204 5183 itte
1218 5127 1355 5200 Dphreim
1366 5129 1427 5184 sive
1438 5128 1607 5200 Jerobosm,
1620 5135 1816 5206 cujuspecce·

114 5227 220 5288 intimo,
235 5223 365 5297 quetiter
379 5215 559 5274 voluntatem
571 5216 691 5288 impiam
704 5216 739 5271 ed
755 5219 853 5288 operie
869 5237 933 5293 per·
987 5219 1181 5276 tumtotiesin
1192 5219 1301 5274 eunctis
1312 5224 1340 5275 ct
1353 5219 1532 5291 propheticis
1542 5232 1813 5280 commemorentur

113 5315 194 5373 duest
207 5314 357 5371 effectum.
377 5306 474 5363 urenti
498 5305 541 5361 vel
569 5307 723 5362 ectninenti
749 5307 854 5363 similis
877 5315 931 5366 est.
988 5309 1103 5365 littoris.
1117 5307 1216 5364 erevit
1232 5324 1359 5380 nutuque
1375 5312 1554 5379 impietatem,
1572 5315 1687 5378 spuendo
1700 5313 1813 5385 excogi-

112 5407 282 5465 Cumuutem
292 5395 579 5471 expletuiniquitetie
588 5411 674 5465 opere
685 5394 783 5452 exsitit
794 5395 934 5456 ietebuu·
987 5398 1058 5456 teuit
1072 5397 1230 5455 eonsilium
1245 5403 1275 5452 et
1288 5398 1379 5454 dixit:
1395 5398 1473 5454 Nunc
1487 5405 1639 5457 revertetur
1650 5418 1764 5472 repnnm
1775 5399 1812 5456 ud

112 5496 163 5555 dus
176 5494 246 5572 quod
258 5490 336 5549 mute
349 5485 458 5560 suerit,
472 5488 498 5544 et
512 5484 644 5543 centeni
660 5482 692 5541 in
706 5486 787 5543 retus
807 5488 933 5560 pessimis
986 5488 1099 5548 nomem
1112 5486 1212 5560 nunu,
1226 5488 1253 5546 ei
1264 5487 1423 5547 accenderit
1435 5499 1554 5564 popntui
1564 5489 1626 5560 ieie,
1636 5489 1815 5560 eieceritieio
