3826 6014
65 232 143 295 ltst
736 216 945 284 COMMENT.
967 217 1011 280 IN
1033 217 1114 282 lob.
1690 226 1769 295 ma

64 356 715 430 veconversionisconeolandumperducit,llt
727 355 806 410 cordi
819 354 883 425 ejus
900 360 926 427 Α
941 367 1008 407 cum
1024 352 1119 408 ironia
1133 354 1267 410 concedit
1282 353 1401 412 dicens:
1419 378 1433 408 a
1451 357 1601 431 Loquere:
1617 364 1681 420 volo
1691 367 1767 424 anim

63 458 210 514 immensa
237 452 347 517 laetitia,
374 451 451 505 sicut
475 449 619 520 sequitur,
638 470 650 496 a
680 444 885 516 deprecabitur
936 445 964 496 tc
979 458 1119 512 apparere
1134 445 1287 513 justum»
1301 444 1331 500 id
1345 446 1582 506 estvolorattone
1594 452 1767 524 sipossibile

62 549 166 610 Deum,
183 550 212 600 et
232 540 385 614 placabilis
415 539 440 593 ei
461 539 524 604 erit,
541 565 555 594 a
572 548 625 593 eto.
642 545 673 592 ut
692 551 781 607 supra
806 533 884 589 dicta
938 529 984 589 sit.
1000 538 1033 586 ut
1053 533 1141 586 talem
1165 539 1192 587 te
1207 549 1271 589 esse
1288 535 1393 605 probes
1409 537 1525 608 qualem
1541 543 1658 610 asseris,
1671 545 1697 599 id
1723 552 1768 602 oet

60 641 142 694 sunt.
160 636 192 689 ln
207 631 337 688 secunda
352 644 469 700 linoque
481 626 590 693 vice,id
606 630 650 680 est
665 626 694 679 in
711 624 884 687 tentatione,
936 620 1155 689 justumouam
1168 624 1387 680 concessionem
1399 626 1615 697 quieverociter
1626 648 1682 688 non
1700 652 1765 705 pro·

62 723 257 783 nibilominus
271 720 408 776 eveniunt
420 717 462 773 illi
475 733 538 788 qum
551 733 641 788 snpra
652 718 791 785 congesta
802 716 886 778 sunt,
938 708 1078 774 tulit,non
1089 714 1260 780 exspectans
1272 710 1330 766 dici
1341 714 1416 783 qnod
1430 717 1597 785 quaesierat,
1614 735 1680 776 mox
1692 722 1762 776 gub.

61 813 134 867 dum
157 815 222 880 post
247 803 433 862 dulcedinem
449 800 667 866 consolationis,
689 815 748 869 qua
763 800 792 853 in
814 813 886 852 con·
936 796 1054 868 jungit:

61 896 208 954 versionis
224 895 308 949 initio
324 891 499 962 plerumque
511 888 665 960 excipitur,
682 888 788 941 durum
805 891 884 956 post·
974 901 1052 958 vm
1076 903 1121 960 33Ι
1139 935 1171 944 ,
1183 926 1197 954 „
1208 905 1287 969 Quod
1304 906 1328 961 „p
1343 923 1401 963 non
1412 909 1511 976 hahes,
1529 934 1543 962 ‚,
1561 915 1687 972 subaudi
1704 918 1764 976 imo

64 987 185 1044 modum
200 984 327 1039 laborem
340 979 679 1052 probationisexperitnr.
692 975 886 1041 Quemadmo·
940 994 1176 1066 quianonhabee
1188 997 1265 1065 quod
1283 997 1422 1068 loquaris,
1441 1018 1453 1047 ι
1471 1004 1537 1057 audi
1557 1021 1611 1073 me,
1628 1035 1641 1059 a
1658 1010 1765 1066 subnu·
1878 1058 1885 1069 ,

64 1077 173 1132 dumet
185 1071 236 1127 filli
248 1069 429 1138 ¹⁸t⁸012t000
439 1069 474 1123 de
484 1068 606 1138 AEgtl’lO
617 1061 887 1156 ⁸¹0¹¹¹¹l⁰⁸⁸⁰²li¹3⁸
941 1083 970 1136 dl
986 1083 1054 1153 quia
1069 1082 1161 1139 babeo
1191 1085 1267 1156 qnod
1288 1085 1410 1158 loquar:
1429 1114 1440 1139 a
1456 1088 1540 1158 Tace,
1558 1102 1584 1148 et
1606 1094 1715 1154 docebo
1736 1105 1764 1156 te

64 1168 140 1219 Dens
155 1162 311 1217 lactaverat
326 1164 414 1228 atquc
430 1158 584 1222 nutrierat,
600 1153 789 1227 postmodum
807 1163 888 1205 varra
943 1169 1127 1241 „mengum
1145 1194 1159 1221 „
1176 1172 1211 1229 gt
1235 1174 1264 1229 in
1286 1174 1340 1230 ho,
1355 1175 1411 1231 ,ibi
1427 1179 1541 1235 videtu,
1556 1183 1708 1242 obsefvm
1733 1187 1762 1243 id

64 1254 262 1312 ‘Onlssllfflluffl
282 1252 447 1303 ⁸⁰8U¹¹⁰⁰l⁰
463 1246 636 1303 Wlfflin&
648 1246 741 1309 Τῦὓθι
754 1244 887 1313 inquam,
942 1259 1020 1331 quod
1031 1277 1096 1315 cnm
1109 1262 1287 1332 supradictis
1302 1265 1419 1321 tertium
1430 1270 1586 1342 eseesolet,
1599 1274 1762 1332 auditorem

66 1339 303 1402 «abominabilis
331 1336 356 1392 ei
387 1338 419 1391 lit
447 1336 476 1392 in
507 1335 701 1407 vitapanis,»
731 1336 887 1396 sicaetera,
942 1351 1212 1409 ,empemdoessem'

67 1440 100 1490 ot
114 1448 206 1503 supra
220 1430 388 1485 dictasunt.
406 1426 461 1482 Sed
476 1427 546 1497 quia
561 1424 728 1480 misericors
739 1427 816 1477 Deus
828 1435 890 1490 pro-

66 1524 130 1579 bari
141 1538 193 1577 nos
211 1516 351 1592 permittit
362 1515 584 1576 tentationibus,
597 1530 654 1568 non
670 1511 831 1581 reprobari,
842 1524 891 1563 cu·

61 1614 115 1684 jus
125 1608 333 1665 consolationis
344 1622 418 1676 opus
430 1604 567 1668 occurrit,
586 1603 676 1673 satque
690 1600 796 1654 iterum
809 1597 886 1669 qnod

65 1702 210 1773 sequitur,
226 1697 433 1770 deprecabitur
446 1696 576 1750 Deumet
590 1689 744 1763 placabilis
758 1687 785 1743 ei
795 1688 859 1754 erit,
871 1709 884 1740 a

978 1460 1764 1544 Gar.XXXlV,v·nas.l.-sPronuntianeitaqueliliu.»

944 1637 1630 1710 tionisquidnisiinllatioelntionisostenditur‘l
1643 1670 1657 1701 a
1670 1653 1762 1710 Etiam

901 1722 999 1791 Bhaee
1014 1724 1131 1782 locutus
1146 1732 1219 1796 est,»
1233 1728 1345 1786 scilicet
1360 1735 1470 1789 abacto
1485 1735 1541 1791 lon
1556 1742 1761 1798 conversuead

944 1571 958 1600 a
970 1547 1178 1619 Pronuntiare,
1190 1573 1204 1601 a
1222 1551 1354 1625 inquam,
1369 1558 1577 1628 quovocobulo
1594 1566 1765 1633 pronuntia·
1873 1604 1881 1615 ι

64 1798 95 1848 st
108 1793 357 1858 cetera‚uteuprn
369 1787 538 1842 dictasunt.
554 1782 586 1837 ln
599 1782 685 1836 tertia
699 1776 885 1850 quo=1uevice

64 1882 95 1937 id
110 1880 194 1936 estin
212 1884 314 1943 morta,
340 1877 429 1931 multo
446 1873 542 1943 magis
557 1885 646 1943 quam
661 1869 691 1923 in
708 1865 889 1939 supradictis

64 1975 181 2030 duabus
207 1970 320 2025 vicibus
336 1967 498 2033 amarescit,
514 1967 585 2020 dum
601 1964 636 2018 de
652 1963 785 2019 omnibus
800 1960 889 2014 etiam

63 2058 413 2135 cogitationummotibus
426 2071 555 2127 superna
565 2053 679 2123 judicia
694 2049 889 2123 pertimescit,

66 2154 158 2223 litque
173 2153 263 2205 timor
278 2155 358 2203 tanto
369 2146 472 2211 acrior,
483 2148 595 2216 quanto
611 2140 763 2198 retributio
782 2142 891 2192 eterna

66 2240 199 2296 vicinior.
211 2238 282 2293 Nam
292 2252 358 2291 cum
370 2233 497 2289 Jacobue
512 2231 609 2288 dicat:
624 2231 680 2286 «In
698 2229 799 2285 multis
810 2225 889 2280 enim

68 2328 244 2383 offendimus
259 2339 361 2379 omnes
374 2324 441 2389 (luc.
458 2327 515 2389 nr);
532 2346 545 2376 ι
561 2324 590 2375 et
602 2319 751 2374 loannes:
769 2338 782 2363 a
797 2314 826 2369 Si
843 2311 889 2367 di-

67 2416 199 2472 xerimue
213 2415 282 2486 quia
293 2422 442 2485 peccatum
458 2409 677 2474 nonhabemus,
694 2422 748 2461 nos
759 2404 892 2476 ipsosse·

69 2507 207 2561 ducimus
222 2507 246 2575 (l
260 2504 338 2559 lonc.
355 2505 389 2570 r),
404 2530 416 2555 a
433 2499 503 2572 qnid
520 2497 684 2553 decretoria
703 2493 891 2551 sentiendum

69 2594 137 2651 est?
153 2595 225 2657 Ouid
241 2593 345 2648 lacient
356 2590 471 2657 tabula,
489 2589 514 2644 si
523 2592 652 2644 tremunt
664 2585 806 2641 columnas
820 2585 893 2637 iant

71 2687 219 2757 quomodo
231 2681 484 2753 virgultastabunt
495 2674 695 2742 ivnrnobilia‚si
708 2674 798 2743 hujus
807 2686 891 2742 pavo·

69 2776 111 2831 ris
126 2773 242 2828 turbine
257 2772 344 2826 etiam
360 2768 436 2824 cedri
453 2764 652 2839 quatiuntur?
675 2763 730 2819 Sed
744 2765 892 2832 justorum

69 2864 174 2921 anime
186 2862 249 2932 ipso
263 2857 557 2931 sepemortispavore
565 2853 786 2926 purgataetiam
794 2850 892 2923 prius·

69 2940 892 3026 quamcarneexepoltentur,bilaresouot.Tribueigitur

68 3041 230 3110 vicibus,id
242 3045 287 3095 est
297 3039 495 3103 conversione,
505 3034 773 3100 tentatione,mocte
785 3047 813 3085 :a
831 3028 892 3085 bac

70 3132 170 3190 omnia
181 3132 403 3201 lleueoperatnr
418 3142 468 3199 per
483 3123 625 3197 singulos,
642 3149 654 3175 a
670 3119 890 3192 videlicetqnod

71 3223 153 3296 prius
164 3217 438 3276 «abominabilisstt
450 3214 560 3272 bomini
574 3215 605 3268 in
620 3213 679 3268 vita
694 3211 851 3283 euapanis,
867 3213 896 3266 et

70 3312 288 3385 appropinquet
312 3304 492 3377 corruptioni
507 3303 608 3359 anima
623 3301 698 3371 ejus,
712 3304 741 3356 et
756 3300 814 3355 vita
829 3299 896 3370 ejus

73 3400 231 3457 mortiterie
241 3415 268 3466 3»
280 3395 385 3452 deinde
401 3391 632 3463 «deprecabitur
646 3392 736 3445 Deum
751 3392 780 3443 et
795 3387 895 3458 placa-

73 3489 176 3544 bilisei
194 3489 236 3556 llt,
252 3491 281 3541 et
296 3485 373 3541 videt
389 3481 488 3538 taciem
499 3483 565 3551 ejus
580 3477 726 3550 injubilo,
743 3481 773 3532 ct
789 3474 894 3531 liberat

73 3579 203 3634 animam
219 3591 316 3641 suam,
334 3589 369 3629 ne
385 3575 486 3642 pergat
500 3569 530 3625 in
546 3568 711 3634 interitum,
727 3566 779 3621 sed
796 3564 896 3620 vivens

73 3667 170 3723 videat
184 3667 289 3719 lucem.
306 3690 319 3715 a
333 3662 368 3716 tlt
384 3676 436 3715 cur
450 3658 510 3713 brec
523 3655 684 3729 operaturi

110 3755 197 3809 Vens.
207 3752 253 3805 30.
267 3781 298 3790 —
314 3777 326 3800 a
343 3747 379 3803 Ut
394 3751 509 3803 revocet
524 3745 638 3801 animae
653 3759 754 3799 eorum
771 3759 896 3799 acerra·

76 3843 185 3914 ptione,
201 3870 213 3894 a
231 3839 342 3894 scilicet
364 3837 510 3904 vitiorum,
530 3851 581 3906 per
596 3834 651 3890 boc
666 3832 769 3904 triplex
785 3832 896 3888 exerci-

75 3933 148 3987 tium
170 3930 322 3997 solidatae,
339 3955 351 3981 ι
367 3933 396 3984 et
411 3925 555 3981 illuminet
571 3925 637 3981 l..ce
650 3924 849 3993 viventium»
866 3922 895 3978 id

72 4027 119 4077 est
133 4037 164 4076 ea
176 4022 312 4090 luceque
325 4019 387 4089 ipse
401 4025 454 4082 sat,
467 4014 496 4071 in
513 4030 571 4086 quo
586 4029 689 4069 omncs
700 4013 811 4069 vivunt.
824 4011 895 4067 Nam

72 4111 134 4166 bae
160 4126 224 4181 que
243 4107 374 4179 corporis
389 4103 481 4162 oculis
496 4104 622 4173 videtur,
639 4102 690 4159 lux
708 4107 755 4159 est
770 4101 895 4159 morien·

70 4200 159 4255 tium.

107 4291 173 4346 Post
197 4289 358 4345 sententiae
386 4301 504 4343 veraces
519 4289 548 4342 et
578 4284 719 4357 mysticae
734 4281 798 4338 Elin
814 4282 896 4337 laeta

68 4381 197 4437 scientias
226 4379 347 4435 inllatue
374 4377 535 4446 extollitur,
552 4379 580 4430 et
596 4376 673 4449 quod
688 4373 785 4431 solent
799 4374 896 4429 lacere

944 1813 1104 1871 auditores.

979 1901 1064 1958 Vens.
1080 1905 1148 1959 2.-
1164 1906 1298 1974 «Audite,
1312 1908 1420 1983 iuquit,
1432 1911 1683 1983 sapientes,verba
1693 1935 1766 1991 mea,

856 2046 861 2056 ,
943 1994 972 2047 et
986 1992 1105 2062 eruditi,
1121 1995 1283 2052 auscultate
1299 2015 1354 2054 mc.
1371 2025 1384 2056 a
1404 2002 1442 2056 Ac
1460 2002 1592 2060 sidicat:
1612 2006 1765 2078 Sapientes

944 2087 1031 2154 utque
1046 2083 1152 2139 eruditi
1169 2086 1267 2144 audite
1286 2104 1351 2160 quse
1367 2089 1442 2157 dico,
1458 2092 1509 2164 qni
1525 2093 1578 2149 soli
1594 2097 1717 2168 potestis
1732 2115 1767 2155 aa
1877 2139 1880 2143 -

945 2186 1008 2242 que
1026 2171 1132 2228 luerint
1147 2191 1164 2229 a
1181 2192 1226 2232 ma
1242 2174 1318 2233 dicta
1332 2195 1519 2250 cognoscere.

981 2260 1065 2317 Vens.
1081 2262 1108 2317 3.
1124 2294 1158 2304 -
1175 2289 1188 2320 a
1213 2264 1300 2322 Auris
1315 2269 1405 2338 enim,
1425 2270 1533 2343 inquit,
1548 2272 1637 2330 verba
1654 2276 1767 2348 probat,

945 2354 972 2406 et
987 2354 1269 2427 gutturoecaegustu
1279 2356 1431 2427 dijudicat.
1449 2381 1461 2406 a
1475 2362 1515 2416 sc
1528 2362 1656 2420 sicdicat
1667 2379 1674 2420 :
1686 2365 1769 2422 Siout

946 2456 998 2497 nec
1013 2441 1092 2496 auris
1107 2458 1201 2510 esces,
1211 2460 1264 2500 nec
1275 2450 1376 2517 guttur
1390 2449 1478 2505 verbe
1489 2454 1650 2524 cognoscit,
1662 2454 1703 2510 ita
1714 2471 1768 2511 nec

945 2529 1768 2613 stultnsquisqneeeotcntiemsapientiumintelligitlioc

946 2618 1023 2675 dicto
1036 2618 1152 2674 illorum
1164 2638 1280 2693 quoqne
1292 2626 1483 2684 attentionem
1493 2632 1593 2702 exigit,
1604 2636 1633 2687 et
1643 2648 1676 2687 eo
1688 2631 1769 2704 quod

947 2725 1011 2855 ἓιοι
1024 2708 1186 2782 subjungit,
1201 2713 1285 2784 quasi
1295 2714 1526 2774 benevolentiam
1538 2726 1657 2776 renovet
1673 2739 1707 2778 ac
1722 2739 1769 2779 rc·

970 2802 1021 2858 cit.

981 2911 1068 2968 Vens.
1085 2913 1112 2968 l.
1123 2944 1158 2955 —
1175 2911 1362 2979 «iudicium,
1378 2912 1484 2985 inquit,
1497 2913 1767 2987 eligamusnobis,a

947 3001 1073 3057 subaudi
1103 3002 1304 3058 condescendo
1328 3001 1503 3059 enimvobis
1518 3006 1554 3059 ad
1580 3005 1768 3062 concordiam
1864 3014 1875 3039 '-

906 3089 928 3159 c
948 3090 1144 3164 equalitatis,
1161 3096 1217 3150 aet
1232 3091 1307 3146 inter
1321 3106 1375 3147 nos
1400 3091 1549 3149 videamus
1567 3095 1637 3166 quid
1654 3095 1693 3150 sit
1707 3111 1770 3152 me·
1847 3135 1852 3138 -

947 3176 1019 3244 llus,
1034 3202 1048 3234 n
1072 3177 1184 3234 scilicet
1199 3182 1230 3233 ut
1245 3176 1441 3235 concordibus
1456 3179 1612 3236 sententiis
1628 3182 1683 3238 iste
1698 3197 1773 3238 con·

948 3265 1114 3322 damnetur.
1125 3291 1139 3323 s

983 3374 1069 3431 Vens.
1085 3375 1113 3429 5.
1124 3403 1159 3415 -
1171 3402 1183 3429 a
1194 3374 1433 3439 Oniadixitiob:
1449 3376 1554 3434 Juetus
1569 3383 1685 3450 eom,et
1695 3384 1773 3436 Deus

949 3465 1092 3520 subvertit
1102 3465 1251 3536 judicium
1268 3480 1378 3523 meum.

983 3569 1068 3626 Vens.
1082 3572 1110 3625 6.
1125 3601 1161 3611 -
1177 3596 1189 3621 a
1204 3573 1236 3627 lo
1245 3572 1404 3641 indicando
1416 3572 1495 3631 enim
1510 3591 1564 3643 me,
1582 3577 1769 3634 mendacium

948 3662 1012 3714 est:
1028 3657 1460 3734 violentasagittameaabsque
1476 3662 1669 3736 ullopeccato.
1682 3688 1694 3714 a
1705 3662 1771 3722 lieo
1877 3728 1880 3735 ,

949 3749 1065 3806 beatum
1075 3749 1128 3805 lob
1141 3765 1197 3806 noo
1209 3751 1318 3807 dixisse
1329 3753 1545 3824 requisitavota
1557 3753 1711 3810 verborum
1725 3770 1772 3811 ee·

951 3840 1009 3895 ries
1026 3843 1160 3896 testatur.
1176 3839 1231 3895 Sed
1246 3839 1294 3910 qui
1308 3839 1450 3911 judicium
1465 3841 1621 3913 quesierat
1636 3858 1671 3898 ex
1686 3842 1773 3917 culpa

949 3944 1038 4001 quam
1056 3928 1150 3997 tinxit,
1163 3928 1296 4000 protinus
1312 3929 1486 3985 senteutiam
1504 3930 1708 4004 promulgavit.

985 4017 1070 4074 Vane.
1086 4020 1114 4074 7.
1133 4048 1165 4059 -
1182 4042 1195 4074 a
1210 4018 1292 4086 Quia,
1310 4018 1416 4090 inquit,
1432 4024 1477 4075 est
1491 4019 1545 4089 vir,
1558 4024 1589 4075 ut
1604 4023 1649 4075 est
1662 4020 1744 4077 Jobt
1760 4045 1770 4075 ι

951 4107 1076 4163 subaudi
1097 4106 1208 4174 nullus,
1223 4135 1236 4160 a
1252 4107 1302 4178 qul
1318 4107 1393 4163 bibit
1409 4108 1670 4166 subsannationem
1687 4111 1775 4182 quael
1879 4126 1885 4139 ⁸

949 4212 1095 4269 squama
1111 4196 1138 4250 id
1155 4200 1199 4251 est
1213 4196 1262 4266 qui
1272 4196 1335 4252 sine
1345 4196 1619 4255 timorieobstaculo
1629 4199 1719 4256 Deum
1731 4200 1772 4257 ir-

951 4286 1034 4351 ridet,
1044 4285 1120 4342 sicut
1130 4300 1217 4357 aqna,
1230 4301 1296 4341 cum
1309 4285 1432 4356 bibitor,
1448 4287 1489 4342 ita
1504 4287 1616 4359 liquide
1631 4287 1771 4357 sumitur,

950 4375 1774 4448 utadsorbendumnullaeclpinguediuercterdotur.sio

68 4470 227 4542 sepientes,
245 4469 358 4525 scilicet
373 4468 499 4540 sparsim
516 4467 593 4522 inter
607 4466 755 4521 orationes
770 4480 840 4519 enas
855 4479 898 4519 rc·
910 4463 936 4526 D
949 4463 1008 4528 isti,
1035 4463 1087 4529 ait,
1103 4462 1133 4518 in
1159 4478 1192 4518 eo
1208 4463 1285 4534 quod
1301 4462 1403 4536 lingua
1417 4465 1561 4534 superbit,
1580 4465 1661 4521 nulls
1676 4466 1774 4524 cordis

69 4557 574 4622 crearevelrenovaresltentionern,
590 4556 633 4609 vel
661 4551 893 4609 benevolentiam

70 4649 254 4712 auditorum,
271 4648 317 4702 bio
332 4647 404 4701 dum
420 4643 528 4699 imitari
543 4643 657 4705 nititur,
675 4643 836 4696 eccnudum
854 4640 896 4694 in·

71 4739 174 4795 ilatum
191 4755 311 4795 sensnm
327 4754 413 4794 suram
430 4737 464 4791 ad
482 4735 582 4790 inania
596 4735 685 4789 verbe
700 4734 857 4788 derivetur.

108 4828 194 4884 Vens.
207 4830 251 4883 3l.
263 4858 298 4868 -
313 4825 469 4892 «Attouda,
483 4823 590 4896 inquit,
605 4822 672 4886 Job,
689 4825 719 4876 ct
733 4821 800 4876 audi
814 4836 894 4886 me,»

74 4919 103 4975 id
119 4924 167 4974 est
179 4922 310 4973 attentus
325 4916 444 4973 auditor
457 4918 532 4982 esto,
550 4917 578 4968 et
592 4910 703 4983 respice
718 4911 753 4966 ad
770 4925 826 4976 me,
844 4913 896 4965 «et

950 4553 1105 4626 trepidatio
1119 4554 1304 4610 contradicit.
1321 4554 1378 4610 lieo
1394 4556 1593 4629 arrogantium
1606 4557 1775 4630 preposito·

950 4660 1015 4699 rum
1029 4644 1180 4715 proprium
1196 4658 1261 4699 esea
1276 4642 1687 4711 solet,utaldictosnnditorcs
1700 4662 1772 4703 enos

951 4733 1044 4802 magis
1070 4731 1199 4787 districte
1227 4732 1370 4804 corripere
1394 4739 1543 4806 appetunt,
1558 4750 1647 4806 quam
1664 4733 1771 4790 blande

950 4820 1087 4886 relevere,
1116 4821 1186 4891 qula
1201 4819 1348 4891 videlicet,
1373 4823 1450 4878 sicut
1465 4823 1609 4894 scriptum
1633 4828 1693 4879 est:
1711 4838 1724 4865 a
1741 4825 1772 4880 ln

950 4925 999 4965 ore
1014 4908 1096 4964 stulti
1113 4908 1447 4982 virgaeuperbiell’rou.
1463 4917 1534 4981 xrs),
1548 4940 1560 4966 l
1573 4916 1723 4984 percutere
1735 4912 1773 4968 rl-

70 5011 147 5077 tace,
164 5009 235 5063 dum
252 5021 304 5074 ego
320 5005 432 5076 loquor.
447 5028 460 5056 n
476 5006 545 5074 Ego,
558 5001 689 5073 inquam,
705 4998 833 5055 subaudi
844 4997 895 5070 qui
948 5000 1013 5071 gidc
1024 4997 1185 5066 sciunt‚sed
1196 4997 1488 5069 compatibumiliter
1503 5001 1656 5057 nesciunt:
1668 5005 1772 5056 etcum

70 5114 124 5170 pro
151 5095 306 5169 sapientia,
339 5091 478 5166 loquendi
508 5090 710 5148 auctoritatem
727 5089 829 5144 babeo.
846 5087 895 5144 Sic
948 5086 1052 5154 itaeit,
1067 5088 1253 5157 putatsoum
1269 5086 1425 5158 essequod
1441 5087 1658 5161 scriptumest:
1676 5107 1688 5133 a
1706 5087 1775 5145 Ver·

72 5185 268 5241 imitationem
297 5183 448 5256 captanda
473 5179 644 5236 attentionis
659 5181 769 5245 turbat,
784 5187 811 5234 et
826 5192 895 5232 mox
949 5178 987 5233 ba
1002 5174 1180 5249 sapientium
1190 5175 1274 5247 quaei
1282 5176 1405 5249 stimuli,
1420 5179 1537 5250 elquaei
1551 5179 1659 5237 claviin
1675 5179 1771 5235 altum

69 5276 279 5333 benevolentia
303 5290 419 5346 quoque
448 5271 608 5344 imaginem
636 5269 795 5336 adulterat,
824 5268 896 5324 sub·
950 5265 1151 5336 defixitllcrle.
1176 5266 1238 5336 xit).
1255 5267 1520 5324 »sedverbasere
1537 5266 1771 5341 eapientinmita

70 5366 186 5422 dendo:
950 5355 1114 5423 stimulant,
1131 5357 1164 5409 ut
1177 5368 1245 5409 oum
1256 5368 1355 5411 severe
1365 5355 1526 5428 corrigunt,
1540 5356 1661 5413 interne
1674 5354 1774 5411 dulce·

105 5455 191 5512 Vens.
208 5457 252 5512 32.
269 5485 303 5496 -
316 5478 330 5511 a
344 5452 373 5508 Si
389 5457 487 5508 autem
504 5451 595 5507 habes
606 5448 835 5520 qaodloquerls,
846 5456 893 5502 re·
918 5496 923 5503 .
951 5443 1030 5502 dinis
1041 5443 1164 5516 gratiam
1180 5454 1239 5498 nort
1256 5446 1401 5501 amittant.
1420 5472 1434 5497 a
1448 5445 1535 5516 ltibit,
1550 5444 1683 5518 inquam,
1700 5445 1773 5502 sub·

70 5541 440 5618 spondemtbipsnbeudi,
451 5543 501 5599 aad
511 5538 679 5597 nonhabes.
695 5537 894 5610 noanneane
948 5533 1167 5604 cessationem,
1182 5552 1196 5581 s
1212 5532 1240 5588 id
1258 5538 1304 5589 est
1316 5533 1418 5590 irridet
1431 5536 1534 5591 Deum
