3826 6014
133 236 192 300 tto
671 234 842 307 suuntur
863 226 1031 292 ABBA'l'lS
1052 226 1276 290 sutriensis
1775 220 1837 284 380

133 375 221 431 israel
244 374 284 430 rie
302 373 464 446 loquebatur
484 372 673 446 unusquisque
689 372 791 429 studens
813 368 957 428 consulere
970 363 999 431 Α
1012 360 1105 418 suut?
1116 359 1336 432 udomquipps
1353 357 1430 430 quod
1447 356 1757 429 interpretaiutmsm,
1772 357 1838 416 sivo

133 465 242 521 Deum:
260 464 351 518 Venite
370 471 396 518 et
419 477 514 518 eumue
531 461 566 518 od
589 462 792 530 videntemouu'
805 457 879 515 enim
893 472 954 529 pro·
1008 451 1249 520 ecnouinoientus,
1273 464 1331 504 nou
1356 447 1438 505 solus
1459 446 1515 503 iste
1536 445 1624 503 homo
1640 447 1696 503 luit
1710 447 1792 504 lsaac
1807 453 1838 505 ct

132 556 213 625 pireto
226 553 330 609 dicitur
344 551 434 622 trodio,
444 552 769 611 uceutolnrotimvidens
785 553 810 621 (Ι
826 551 888 621 ilep.
903 549 953 615 ιι).
1009 541 1145 597 Bebeocffl
1154 538 1297 606 ssliutvssed
1307 537 1692 609 Omssiffliuissunqilfitiilum
1702 538 1766 608 ⁰1⁰8
1774 536 1840 594 imi·

77 684 78 689 η
134 642 369 700 Visionesoutem
380 641 442 698 hec
452 642 681 714 differuntquod
691 641 956 712 alibi,monstrunte
1010 627 1361 701 tatur,sectuudoguiem,
1376 631 1406 684 et
1414 627 1575 683 fraternum
1586 625 1837 700 gerendoodium,

135 731 404 803 Deo,signiiicativae
415 728 818 803 videnturimagines,quales
829 727 956 784 maxime
1010 719 1088 775 sicut
1102 718 1150 774 ille
1167 717 1269 774 iecisse
1285 732 1343 772 non
1358 715 1520 789 ignoratur.
1537 716 1566 772 Si
1583 715 1638 773 hoc
1656 716 1697 773 ita
1712 733 1770 773 non
1787 733 1835 773 cs·

135 820 346 890 videruntjam
363 819 459 876 dictus
481 818 612 877 Ezechiel
636 829 662 875 et
678 818 787 884 Daniel,
802 814 871 873 alibi
893 814 957 870 sinc
1011 813 1066 878 set,
1082 807 1239 882 Apostolus
1254 823 1441 880 nequaquam
1456 807 1565 862 diceret
1588 806 1633 863 his
1656 807 1708 878 qui
1735 807 1837 879 utique

136 908 317 980 imaginibus
328 908 494 965 divinmsuc
506 910 592 965 modo
607 905 956 980 videnturetpercipiun-
1013 898 1175 954 secundum
1191 912 1321 966 caruem,
1337 895 1388 968 qui
1405 912 1439 953 ex
1453 897 1540 963 Danu,
1551 895 1602 967 qui
1613 911 1648 951 ex
1663 895 1766 962 lidum,
1783 894 1836 952 sed

135 1003 184 1054 tur
197 997 370 1063 locutiones,
402 998 649 1071 quemadmodum
681 997 726 1053 hic
749 997 785 1053 da
799 993 958 1065 semetipso
1012 984 1837 1059 extaoobgeuitiluerant:contemplantes,nequisderit

136 1088 207 1145 dicit
222 1106 229 1144 ι
249 1088 320 1145 Vinio
334 1089 442 1156 Aldiae,
458 1093 487 1146 at
502 1094 600 1145 tamen
617 1087 730 1144 nullam
745 1104 777 1144 se
787 1082 958 1143 similitudi·
1011 1077 1114 1148 prutiae
1128 1077 1188 1144 Dei,
1202 1091 1237 1132 ue
1252 1093 1306 1148 quo
1329 1075 1413 1131 rudte
1437 1073 1636 1131 amaritudinis
1650 1090 1763 1131 rursum
1774 1090 1836 1146 per·

136 1194 202 1234 ncru
213 1178 273 1234 sive
290 1178 449 1249 imaginem
465 1183 563 1234 narrat
582 1177 700 1234 vidisse.
716 1179 752 1232 iit
769 1176 805 1232 dc
819 1174 876 1231 istu
891 1170 958 1245 qui·
1011 1167 1127 1222 minans
1141 1164 1279 1238 impediat
1293 1174 1321 1221 et
1338 1182 1391 1238 per
1404 1165 1482 1220 ittam
1494 1166 1680 1237 inquinentur
1693 1165 1787 1231 multi,
1803 1179 1840 1220 ἸΙ

138 1269 205 1324 dem
221 1267 341 1324 visionis
357 1268 497 1340 qualitate
506 1284 561 1324 uon
574 1269 698 1324 dubium
711 1270 756 1323 est
766 1269 885 1323 sanctos
896 1280 960 1337 pro·
1012 1257 1077 1330 quit
1094 1256 1261 1326 fornicator·
1287 1263 1335 1311 titi
1354 1257 1490 1327 {troiam
1511 1257 1543 1310 ut
1566 1256 1649 1324 Etim,
1663 1255 1712 1327 qui
1723 1261 1837 1327 mim

138 1357 508 1429 phetnacertumhabuisso
522 1353 958 1426 visumsiveintellectumdipi-
1012 1371 1099 1412 unum
1119 1370 1210 1412 escum
1231 1352 1357 1411 vendidit
1373 1354 1561 1427 primopenito
1583 1369 1634 1410 suu
1663 1353 1753 1426 (lietr.
1774 1353 1838 1424 ιιι).

139 1446 303 1503 ritusaucto
315 1447 343 1503 iu
357 1447 431 1520 ipsis
446 1447 593 1521 loquente.
609 1453 650 1504 Do
660 1447 712 1503 illa
736 1461 803 1503 vero
818 1442 960 1517 qualitate
1013 1444 1115 1517 itaque
1130 1443 1155 1500 si
1170 1443 1257 1500 verba
1272 1442 1394 1501 visionis
1410 1441 1461 1499 rite
1476 1443 1652 1516 perpendas,
1672 1459 1736 1515 qua
1754 1441 1837 1498 nullu

138 1533 959 1608 videndiquapremonstrruanturimaginesiiludscten-
1013 1537 1138 1590 testatur
1151 1531 1272 1589 historia
1287 1531 1385 1605 digne,
1402 1538 1430 1588 et
1451 1531 1529 1588 sicut
1553 1531 1753 1604 propheticam
1768 1546 1837 1586 con·

137 1626 221 1694 dum,
237 1626 477 1695 quianonstatim
489 1626 656 1683 intellectus
668 1624 958 1698 sequebaturvisum,
1014 1622 1098 1678 decet
1112 1621 1226 1691 tubam,
1237 1620 1383 1694 compieta
1399 1637 1463 1677 esse
1478 1620 1508 1676 in
1528 1620 1576 1676 iilo
1590 1620 1692 1690 Edem,
1709 1619 1840 1692 itemquo

27 1702 31 1709 ’
137 1713 215 1770 sicut
224 1713 259 1770 du
274 1714 684 1788 semctipsotestaturDaniel.
695 1715 767 1771 Cum
776 1712 854 1772 euim
867 1711 959 1768 vidis·
975 1735 999 1803 B
1016 1709 1230 1783 recolasqualis
1239 1709 1428 1766 lueritrerum
1441 1713 1538 1766 status
1549 1708 1579 1765 in
1592 1708 1752 1782 lsraci,quc
1759 1713 1839 1765 tem·
1874 1777 1876 1781 Ι

138 1810 181 1859 set
195 1807 324 1875 quatuor
338 1804 446 1861 bestias
461 1807 588 1878 grandes
602 1805 638 1862 de
660 1805 734 1860 mari
757 1803 958 1868 ascendeutes,
1015 1797 1328 1872 poreprophctavithic
1338 1797 1595 1868 Abdins,dubitare
1605 1797 1839 1870 ncndebosquin

137 1893 254 1960 decessi,
276 1893 384 1966 inquit,
413 1895 448 1950 od
471 1912 558 1950 unum
573 1895 804 1952 deosculantibus
817 1895 843 1949 et
857 1893 962 1948 ueritu-
1014 1888 1295 1946 subnomiualidom
1306 1887 1380 1944 visio
1398 1887 1437 1944 sit
1453 1892 1555 1944 contra
1575 1887 1720 1944 carnalem
1738 1886 1839 1944 israel.

22 2014 25 2019 ,
138 1985 193 2038 tem
209 1985 368 2055 quaerebam
394 1985 428 2040 od
456 2001 490 2041 eo
518 1984 550 2042 de
578 1984 706 2041 omnibus
729 1983 772 2039 luia
794 1984 873 2052 (Dan.
897 1982 959 2052 vu).
1014 1975 1841 2051 Tunccnimregnautadchabelimpiaiezcbelcoeperunt

139 2070 223 2138 liam,
238 2088 305 2127 cum
330 2071 451 2129 vidisset
475 2072 595 2130 arietem
620 2073 759 2129 cornibus
775 2070 960 2128 ventilantem
1015 2066 1106 2122 occidi
1124 2065 1271 2139 propheta
1288 2065 1413 2137 Domini,
1425 2065 1466 2122 ita
1480 2071 1512 2122 ut
1527 2066 1635 2123 diceret
1655 2066 1732 2122 Elias
1753 2081 1760 2120 :
1785 2067 1840 2123 do-

140 2165 243 2215 coutra
258 2161 448 2231 occidentem,
464 2167 607 2220 utcontra
622 2161 800 2234 aquilonem,
816 2166 844 2217 ct
859 2164 961 2216 contra
1015 2157 1101 2223 mine,
1116 2155 1321 2229 dereliquerunt
1331 2161 1451 2229 paetum
1466 2160 1544 2212 tuum
1552 2155 1609 2227 filii
1621 2155 1721 2213 lsrael.
1733 2155 1842 2212 Altaria

142 2248 305 2319 meridiem,
322 2255 351 2306 et
364 2252 518 2308 adversum
535 2259 701 2308 currentem
717 2249 897 2321 hircum,qui
909 2249 960 2306 ha·
1017 2244 1094 2305 1Θὸ
1108 2249 1155 2301 luo
1178 2244 1383 2309 destruxerunt,
1404 2249 1430 2302 et
1448 2245 1596 2319 prophetoe
1609 2247 1669 2302 tuos
1683 2244 1842 2302 occiderunt

142 2337 227 2394 hebet
241 2354 330 2394 cornu
349 2340 461 2413 insigne
477 2341 661 2399 inlerocuios
675 2358 757 2410 auos,
773 2340 961 2414 postmodum
1015 2334 1277 2409 pludu'metretictur
1289 2351 1349 2390 sune
1359 2350 1410 2405 epo
1425 2335 1511 2404 eolus,
1527 2339 1555 2391 et
1568 2342 1698 2408 quarum
1712 2334 1841 2392 ocimum

141 2427 294 2496 subjunxit
307 2445 313 2482 :
327 2429 395 2485 Cum
406 2430 528 2487 cederem
542 2447 589 2503 epo
600 2429 701 2487 Daniel
710 2431 880 2487 uisionemet
891 2444 964 2501 puu-
1015 2443 1106 2483 mum
1118 2424 1168 2494 (ΙΙΙ
1183 2426 1249 2495 Deo.
1261 2425 1331 2497 ιιι).
1347 2424 1490 2481 Nimirum
1507 2425 1557 2498 qui
1573 2424 1793 2493 occidebantur,
1813 2430 1842 2481 et

141 2532 231 2572 rerem
252 2517 481 2588 intettipentiom,
510 2536 570 2576 eece
597 2522 671 2577 stetit
698 2520 729 2575 in
746 2527 889 2591 conspeetu
903 2532 963 2573 meo
1016 2514 1080 2588 ipae
1102 2513 1181 2570 Elias
1205 2514 1257 2587 qui
1280 2513 1420 2587 fugiebat,
1445 2513 1600 2586 ceterique
1625 2513 1661 2570 do
1679 2512 1842 2586 quibusait

68 2636 72 2643 ·
144 2606 223 2677 quusi
236 2607 338 2675 speeies
362 2609 427 2675 ciri,
451 2619 478 2665 et
493 2610 688 2667 audivivocem
702 2611 759 2666 viri
773 2612 848 2666 inter
861 2609 923 2667 litui
937 2616 963 2664 et
1017 2604 1160 2661 Dominus
1172 2619 1179 2658 :
1190 2602 1302 2676 Reliqui
1311 2603 1383 2659 milri
1396 2607 1497 2676 septem
1508 2602 1603 2659 mittete
1622 2604 1758 2671 uirorum,
1779 2618 1845 2675 ouo·

144 2695 286 2763 clamavit,
298 2704 324 2754 et
339 2702 402 2756 uit:
419 2699 540 2767 Gabriel,
554 2700 603 2773 soc
618 2701 866 2770 intettiperetotam
879 2697 963 2754 uisio-
1017 2720 1081 2760 rum
1092 2719 1185 2774 pecua
1199 2719 1253 2759 non
1269 2714 1333 2759 eunt
1354 2711 1469 2759 curvato
1483 2709 1549 2760 unte
1568 2703 1640 2758 Boot
1659 2701 1764 2774 (iud).
1784 2701 1844 2774 ipsi

144 2800 208 2840 mm
222 2784 302 2854 (Dan.
318 2790 390 2857 vm).
416 2789 480 2847 ΗΜ
493 2787 561 2844 dicit
575 2786 710 2846 Dominus
725 2786 839 2845 Deutud
854 2788 938 2844 Edem
955 2801 962 2843 :
1018 2796 1089 2849 sunt
1102 2792 1117 2848 l
1123 2791 1193 2849 acob
1208 2795 1237 2848 et
1252 2790 1401 2862 israelite,
1417 2791 1468 2863 qui
1483 2797 1581 2849 autem
1594 2790 1766 2848 occidebant
1779 2807 1841 2858 eos,

39 2878 42 2883 '
142 2873 273 2932 Auditum
288 2876 444 2934 audiuimus
467 2896 485 2934 u
504 2878 630 2948 Domino,
645 2889 672 2935 et
686 2879 808 2948 Doctum
820 2876 856 2934 od
869 2879 964 2952 pentec
1018 2881 1075 2955 ipsi
1092 2885 1176 2937 erent
1191 2881 1294 2952 lidum,
1311 2886 1412 2953 utpute
1427 2896 1514 2954 opere
1528 2885 1730 2954 perpetrantes
1740 2881 1840 2936 odium

142 2963 220 3020 misit
236 2980 244 3021 :
260 2966 373 3036 Surpile
383 2977 410 3023 et
421 2984 618 3040 consumamus
628 2969 757 3024 aduersus
768 2984 831 3024 eum
844 2967 876 3022 v'n
890 2979 963 3037 prae·
1018 2971 1096 3042 quod
1112 2974 1210 3026 ments
1224 2974 1398 3042 conceperat
1412 2968 1472 3036 ille,
1483 2969 1568 3040 cujus
1576 2969 1842 3043 propterimitatio·

143 3052 223 3108 tium.
238 3055 328 3111 lidum
339 3057 402 3128 ipse
417 3063 462 3113 ost
476 3059 562 3127 iisau,
580 3060 629 3131 qui
644 3067 672 3116 et
685 3060 744 3116 aiio
759 3059 877 3115 uomina
892 3058 964 3114 dici·
980 3096 1002 3166 c
1018 3076 1086 3116 nem
1103 3058 1155 3114 sslii
1169 3064 1249 3124 sunt,
1266 3059 1367 3115 dicens
1389 3059 1418 3114 in
1444 3060 1531 3115 corda
1554 3076 1607 3116 suo
1629 3076 1637 3115 t
1656 3060 1770 3116 Venient
1782 3057 1844 3114 dier

142 3143 284 3216 turSayr.
310 3143 368 3201 Cur
394 3150 491 3202 autem
516 3152 634 3204 vocatus
659 3154 704 3205 cat
726 3149 816 3204 lidorn
842 3148 966 3204 historia
1019 3150 1109 3204 luctus
1132 3147 1223 3221 patris
1245 3147 1310 3215 mei,
1335 3156 1366 3203 ut
1388 3147 1603 3205 oceidomtucob
1618 3150 1736 3219 fratrem
1751 3163 1844 3203 meum

143 3233 240 3303 prodit
255 3234 356 3292 diceus
380 3253 386 3292 ε
409 3239 489 3295 coeit
508 3247 600 3296 cutem
620 3241 702 3298 lueet
716 3239 904 3313 pulmentum.
926 3240 966 3297 Ad
1018 3236 1093 3309 (Gen.
1108 3237 1207 3309 xxvu).
1219 3236 1357 3309 Alioquin
1372 3237 1519 3311 quomodo
1530 3237 1621 3294 stabit
1633 3237 1707 3293 iliud
1720 3237 1799 3310 quod
1813 3237 1844 3292 in

142 3336 224 3391 puem
237 3337 300 3378 eum
314 3326 430 3381 vertisset
445 3330 518 3383 Esau
532 3327 565 3384 de
578 3345 643 3402 oprc
653 3331 753 3400 tuscus,
769 3331 810 3387 uit
823 3347 830 3386 ε
843 3330 881 3387 Do
896 3331 967 3386 miti
1019 3326 1073 3383 hoc
1085 3327 1237 3400 propheta,
1249 3343 1318 3383 cum
1329 3325 1514 3399 premissum
1526 3330 1603 3382 esset
1613 3341 1620 3382 :
1631 3327 1662 3384 lit
1674 3325 1845 3383 intereotoir

143 3407 314 3468 decoctione
331 3414 383 3471 tue
402 3417 477 3487 rufo,
500 3434 583 3488 quum
604 3419 636 3474 ot
654 3435 762 3477 caueam
780 3424 906 3478 uocatum
929 3429 967 3478 eet
1017 3414 1844 3488 demontedeou,subjectumast;Prcptere'ntersectionem,

142 3513 243 3555 nouoen
269 3500 330 3572 ejus
358 3504 446 3561 Edem
462 3506 541 3576 (Cen.
552 3507 630 3580 xxv).
646 3509 737 3566 lidum
754 3509 863 3583 quippe
879 3510 967 3566 inler-
1016 3509 1043 3563 et
1056 3509 1170 3578 propter
1182 3505 1359 3576 iniquitatem
1375 3506 1534 3576 introirem
1550 3513 1629 3561 tuum
1643 3505 1724 3562 iacob
1744 3503 1845 3562 tNum

142 3591 276 3659 protatur
290 3597 381 3664 rusus,
397 3601 425 3650 et
448 3600 493 3651 eat
509 3613 615 3654 nomen
630 3597 685 3655 hoc
701 3599 775 3671 gula
790 3601 855 3671 ejus
870 3601 966 3656 moui·
1017 3593 1067 3651 illa
1082 3595 1159 3652 Dsau
1175 3593 1234 3651 sive
1251 3595 1352 3661 lidum,
1368 3610 1455 3666 quem
1465 3593 1595 3650 Rebecca
1609 3593 1730 3668 peperit,
1743 3595 1844 3651 odorat

144 3683 290 3748 mentum,
308 3685 427 3756 eoquod
439 3701 491 3758 pro
505 3686 636 3744 coctione
650 3688 716 3745 ruia
726 3688 890 3745 vendiderit
906 3688 964 3760 pri·
1017 3685 1135 3758 quidam
1153 3702 1270 3758 semper
1283 3684 1372 3742 Jacob
1389 3701 1440 3758 pro
1451 3683 1653 3742 benedictione
1674 3701 1732 3757 qua
1751 3684 1842 3740 bene·

144 3771 293 3840 mogeuita
308 3789 372 3830 sua.
389 3776 524 3832 Attamen
544 3777 622 3833 idem
638 3777 734 3835 colore
747 3794 865 3851 quoque
881 3780 966 3836 rutus
1016 3775 1130 3832 dixerat
1145 3776 1171 3831 ei
1184 3775 1283 3844 Pater,
1297 3775 1348 3830 sed
1365 3791 1424 3829 non
1439 3773 1587 3831 interiecit
1600 3790 1680 3831 cum.
1694 3773 1728 3830 iil
1743 3779 1842 3832 autem

142 3861 216 3925 erat,
232 3859 309 3916 sicut
328 3862 470 3934 scriptum
498 3870 543 3921 est
559 3883 566 3921 :
592 3869 646 3936 Qut
658 3869 763 3939 primos
778 3885 902 3940 epreeeue
914 3873 965 3940 eet,
1017 3875 1068 3947 qui
1084 3876 1384 3932 exlacobaoeundum
1396 3875 1721 3947 carnomgonitlodium
1733 3875 1842 3938 imitati

143 3945 305 4019 rusueemt,
320 3959 345 4006 et
361 3961 432 4009 totus
447 3954 477 4009 in
491 3971 596 4012 morem
610 3957 694 4026 petiis
712 3957 839 4031 inlepidus
860 3958 964 4031 (scidi.
1017 3970 1088 4021 sunt
1099 3963 1656 4036 iiaau,iratressucsiuterieceruut,uoc
1667 3965 1845 4022 destiterunt

144 4035 226 4092 Unde
242 4043 403 4137 notandum
428 4046 505 4116 quod
528 4064 584 4103 nou
610 4051 721 4104 nature
737 4049 872 4106 accidens
888 4049 967 4107 notor
1016 4052 1229 4122 interficiendo,
1245 4055 1338 4110 donec
1360 4053 1458 4128 ipsum
1471 4055 1667 4113 interficerent
1683 4055 1843 4112 Christum.

145 4125 383 4196 repreheuarbiiia
392 4130 609 4204 judicatusest,
621 4141 653 4193 ut
663 4141 781 4210 proptor
791 4138 845 4195 hoc
856 4138 905 4196 tali
914 4157 966 4197 vo·
1017 4142 1099 4208 Quod
1116 4144 1141 4200 ai
1153 4160 1278 4215 queres,
1295 4160 1357 4214 qua
1371 4143 1457 4200 luerit
1473 4145 1634 4202 nenessitas
1645 4151 1678 4201 ut
1691 4145 1845 4218 significa-

146 4212 251 4270 cabulo
265 4216 464 4288 denotaretur,
481 4228 510 4279 et
523 4224 669 4283 diceretur
688 4227 779 4284 lidum
803 4230 964 4302 prasertim
1018 4239 1120 4292 rentur
1136 4233 1254 4290 nomine
1269 4233 1361 4289 iidoru
1376 4249 1444 4289 cum
1456 4238 1578 4305 possent
1592 4235 1779 4291 manifestius
1791 4251 1842 4291 ox-

146 4318 214 4403 oum
230 4308 258 4404 ot
273 4313 393 4364 sauctus
408 4308 498 4366 David
515 4313 597 4370 cuius
614 4315 699 4371 luerit
713 4317 736 4389 (i
752 4319 814 4391 ileo.
830 4322 900 4391 xvv),
915 4321 966 4377 scd
1018 4324 1106 4398 primi
1121 4323 1292 4380 nominibus
1307 4322 1386 4390 eliis,
1402 4339 1466 4395 qua
1476 4327 1596 4397 propriu
1605 4324 1775 4381 viderentur
1788 4325 1843 4380 Ju-

147 4408 238 4492 amm1
253 4393 357 4497 vitium
372 4396 620 4458 stimmoderatus
635 4404 705 4459 ruia
721 4407 863 4464 coctionis
878 4426 966 4482 appe·
981 4456 1006 4523 D
1020 4415 1108 4471 dulce
1121 4413 1181 4469 sive
1204 4411 1371 4469 Israelitica
1388 4411 1495 4484 gentis,
1518 4429 1573 4469 uos
1588 4413 1624 4468 ad
1640 4412 1701 4469 haec
1717 4414 1845 4471 dicimus

145 4486 218 4582 tuus
229 4490 346 4554 meruit,
361 4489 529 4545 utuominis
543 4492 688 4563 ejusmodi
699 4494 966 4557 hereditatcmsor·
1020 4503 1089 4577 quia
1098 4499 1304 4559 uimisincauli
1315 4504 1344 4557 et
1353 4500 1503 4556 indiscreti
1512 4500 1615 4558 luisset
1625 4501 1754 4559 hominis
1764 4503 1844 4560 nudo

146 4576 259 4671 iuretur.
276 4575 349 4641 Quid
364 4582 461 4634 autem
473 4596 565 4650 genus
579 4580 658 4639 illius
670 4583 755 4640 iidem
770 4589 841 4644 tuno
853 4592 965 4662 tempo·
1020 4607 1155 4650 sermons
1172 4592 1356 4666 propriisque
1366 4591 1516 4648 vocabulis
1532 4592 1697 4649 declamare
1706 4592 1844 4664 perditio·

146 4663 316 4762 risagebnt,
331 4665 375 4721 vei
392 4667 421 4723 iu
438 4685 495 4740 quc
511 4672 687 4742 merebatur,
703 4682 735 4730 ut
757 4680 857 4732 contra
882 4677 965 4734 iilum
1021 4680 1766 4755 namgentisepudquumsoiamoportebatiuterim
1778 4698 1846 4754 pro-

145 4766 217 4807 vrsro
225 4755 284 4809 tam
296 4754 369 4810 dura
375 4757 532 4830 prophete,
541 4761 601 4817 aiva
611 4778 707 4819 sermo
718 4765 834 4822 Domini
843 4766 965 4824 demon·
1021 4770 1153 4843 pheticas
1167 4770 1295 4826 visiones
1308 4773 1336 4825 el
1347 4784 1445 4824 omnes
1459 4774 1575 4826 sauctus
1592 4769 1758 4842 Scripturas
1776 4787 1844 4826 cou-

146 4844 290 4941 straretur
302 4842 411 4902 ivaids
423 4863 547 4920 namquo
557 4850 631 4907 dura
647 4857 702 4920 est,
718 4853 794 4910 sicut
809 4872 844 4912 ex
855 4860 967 4914 totaac·
1021 4860 1143 4929 aervari,
1160 4859 1251 4915 donec
1261 4857 1424 4931 glorificato
1439 4856 1520 4927 Jesu,
1536 4863 1565 4914 ct
1580 4859 1647 4914 dato
1658 4858 1782 4929 Spiritu,
1794 4876 1847 4932 per

147 4931 965 5017 nelectionisunjusmnniteatnmestsitempcrumit·
1023 4946 1847 5020 totummuudumdiffunderenturperiinguascmuiuru

147 5016 243 5076 lorum
269 5027 352 5094 gesta
379 5025 566 5100 revolvimus,
592 5034 707 5088 constat
729 5032 797 5105 quia
809 5033 967 5093 foederatus
1023 5034 1845 5109 gentium,etciarescerentaperlocradentiumsensuad

146 5112 209 5164 erut
226 5111 327 5167 lsreeii
341 5113 442 5183 Ddom,
464 5117 495 5173 in
515 5122 628 5175 tantum
652 5123 684 5176 ut
703 5137 770 5178 cum
791 5122 891 5181 doram
909 5125 968 5183 lilio
1023 5125 1261 5197 intelligendum.
1274 5125 1358 5182 Nunc
1369 5126 1432 5197 J'um
1450 5128 1560 5183 terium
1572 5126 1693 5184 visionis
1705 5127 1794 5201 hujus
1804 5128 1848 5186 in·

28 5266 32 5273 υ
148 5197 897 5285 naueh,suoquoisteebdiaapavaratpropuotias
917 5217 970 5276 Do·
1024 5215 1204 5290 gradiamur.
1222 5215 1388 5282 Praemisso,
1400 5214 1540 5272 daedieit
1553 5218 1688 5273 Dominus
1702 5218 1742 5273 od
1752 5219 1846 5288 Edem,

148 5287 232 5357 mini,
249 5299 381 5364 pergeret
395 5296 432 5351 ad
456 5297 588 5369 prelium
612 5305 713 5356 contra
735 5304 818 5360 Moab
842 5306 893 5377 (iii
908 5308 968 5380 itep.
1025 5305 1125 5361 statim
1141 5304 1297 5376 subjungit
1314 5305 1462 5360 :dolitum
1476 5303 1637 5361 audicimus
1651 5323 1668 5362 o
1684 5309 1812 5379 Domino,
1823 5315 1851 5364 et

147 5378 227 5478 xxii).
243 5378 317 5444 Ouid
333 5382 425 5455 igitur
438 5385 587 5458 superhoc
596 5389 901 5462 animadvertendum,
913 5395 970 5455 nisi
1026 5392 1154 5467 leuatum
1168 5393 1203 5450 ud
1218 5398 1312 5466 centn
1321 5394 1408 5449 misit.
1420 5391 1485 5449 Hac
1499 5407 1534 5449 ex
1548 5410 1600 5449 sua
1616 5400 1848 5469 ceterorumque

149 5471 316 5568 quiaverba
335 5474 457 5532 visionis
482 5476 582 5548 hujus,
604 5494 670 5533 cum
688 5496 746 5535 non
763 5479 903 5554 hominis,
919 5487 970 5543 aed
1024 5479 1593 5556 prophetarumpersonalutsrluquitur,
1603 5484 1775 5556 priusquam
1785 5501 1849 5542 nar

134 5555 277 5640 ¹Spiritus
292 5565 385 5620 sancti
404 5567 490 5623 verbu
513 5567 581 5638 siut,
605 5568 798 5641 spiritualiter
820 5576 971 5646 pensanda
1026 5589 1090 5630 rure
1106 5568 1847 5645 incipiatquunemsinteaqusedicitllomiuusad
