3826 6014
109 255 185 318 1203
643 247 814 311 suelteri
837 245 1006 307 ABBA'HS
1027 245 1267 310 Telmesses.
1747 254 1818 315 ibid

1 451 2 458 χ
107 389 147 446 uit
160 391 281 456 tempore
293 384 325 439 in
339 382 451 438 molitio
464 397 525 437 suu.
541 380 594 437 Hie
610 379 681 436 illud
698 396 806 435 venum
823 378 925 451 presci-
941 385 969 452 Α
983 381 1062 445 tons,
1077 380 1155 452 qood
1170 380 1270 437 docuit
1284 380 1339 437 heo
1355 381 1433 453 iecit,
1448 395 1544 454 neque
1559 380 1694 439 nimium
1715 384 1815 456 justus

107 493 164 551 pue
178 479 307 531 notatum
321 488 385 529 esse
395 487 469 541 reor,
481 471 557 543 quod
571 473 621 542 qui
632 469 662 525 io
671 468 788 540 justitio
800 485 853 524 suo
865 484 927 524 mo·
982 469 1047 533 soit,
1063 469 1190 526 omnibus
1204 470 1303 527 omilin
1316 473 1405 543 sactus
1430 476 1462 528 et
1486 489 1581 530 omncs
1598 474 1784 545 lacriiuccret
1795 476 1816 546 (i

107 567 191 635 rilur,
208 567 329 636 putetur
344 562 475 635 periisse,
487 559 575 631 etqui
586 560 661 632 perit
671 558 796 614 videndo
809 561 929 630 putatur
983 557 1043 614 Cor.
1058 560 1107 629 ιι).
1125 559 1165 616 Ne
1181 561 1247 633 pius
1263 578 1350 632 quam
1365 578 1485 618 neeesse
1502 567 1548 618 est
1559 568 1693 637 asperet,
1710 580 1812 621 means

107 657 157 713 (liu
174 654 292 710 vixisse.
306 652 410 708 iustus
424 651 503 707 euim
519 650 576 706 cito
600 649 734 715 moritur,
759 664 793 705 ne
816 648 930 703 melitio
983 650 1069 705 verba
1091 667 1154 722 que
1178 652 1291 707 audivit
1314 652 1389 709 nulli
1415 651 1529 710 locutus
1556 658 1603 710 est
1618 656 1654 720 lii
1668 653 1740 711 Cor.
1755 658 1816 719 ιιι.)

104 747 189 801 mutet
202 742 462 800 intellectumillies
472 739 548 813 (Sep.
559 739 612 810 ιι),
624 737 733 810 impius
744 741 842 793 nutem
855 739 888 792 ut
899 735 927 790 in
981 737 1049 793 seul
1061 738 1127 811 plus
1138 757 1226 813 quam
1235 757 1354 799 neeesse
1366 742 1538 813 iuitjustos,
1548 748 1655 800 contra
1664 750 1815 815 precepta,

105 826 930 905 aeternumpereatseneeoitinieeepeoosti.PrimueAdsm
983 844 1105 899 parcens
1119 831 1201 903 Agag
1215 830 1401 887 limaleehite
1418 832 1587 904 obstupuit,
1603 832 1678 904 quia
1691 834 1814 891 traditus

106 924 156 996 qui
171 922 258 997 erepit
270 938 376 979 venam
387 936 472 994 egere
486 919 589 989 vitam,
602 918 798 990 vidiljustum
810 915 930 989 periisse
983 920 1028 971 est
1042 917 1158 989 spiritui
1174 918 1326 975 immundo
1340 923 1370 976 et
1385 918 1634 978 malevexebatnr
1645 924 1672 994 (l
1680 924 1745 995 ileo.
1757 930 1809 997 ιι).

106 1015 136 1070 in
151 1013 265 1085 justitie
281 1029 346 1082 sua,
362 1010 480 1083 quando
495 1009 565 1064 Csin
584 1008 702 1064 irstrem
718 1007 928 1076 euumjustum
983 1004 1035 1060 Cui
1052 1005 1241 1062 dimittuntur
1256 1008 1352 1065 decies
1369 1008 1489 1066 millena
1504 1009 1628 1080 telonia,
1645 1029 1708 1069 non
1719 1013 1811 1070 volens

105 1102 176 1158 libel
191 1100 308 1168 cecidit,
319 1100 389 1156 etin
403 1098 545 1155 malosuo
556 1096 626 1153 Cain
637 1095 748 1168 impius
759 1094 809 1150 diu
823 1093 930 1150 vixisse
984 1111 1121 1152 conservo
1138 1114 1191 1154 suo
1208 1115 1327 1171 parvum
1343 1115 1490 1156 summam
1512 1101 1667 1160 dimittere
1693 1104 1810 1162 nimium

105 1192 185 1248 Visus
200 1196 254 1256 88),
269 1190 338 1261 quis
353 1191 479 1261 flflpiimss
495 1187 613 1243 landem
629 1182 817 1258 generatione
828 1183 930 1237 desun-
983 1186 1132 1259 obstupuit
1143 1188 1229 1246 datus
1240 1207 1257 1245 a
1269 1190 1394 1246 Domino
1405 1190 1516 1264 iniquis
1528 1193 1700 1252 tortoribus
1712 1197 1809 1267 (uate.

105 1288 172 1339 otus
186 1287 232 1339 est
245 1280 319 1352 (Gen.
337 1279 385 1351 iv).
397 1278 493 1335 iosias
504 1275 661 1348 injustitie
675 1275 855 1332 susvidetur
868 1289 931 1346 per·
983 1279 1074 1348 xvm).
1087 1279 1188 1334 iustus
1204 1279 1293 1336 nimis
1308 1285 1371 1337 eret
1382 1285 1411 1337 et
1424 1281 1550 1339 nimium
1562 1286 1666 1356 sapuit
1679 1287 1811 1343 Novam.

107 1371 186 1441 iisse,
202 1370 271 1442 (llil
285 1369 345 1424 ”¹¹³
358 1368 439 1424 bfflVl
455 1371 485 1423 θ)
500 1382 588 1439 ῐθΒῦὓ
605 1381 677 1421 ⁰⁸⁰⁸
692 1362 827 1431 breviori,
840 1376 930 1433 (luem
985 1381 1040 1421 nus
1055 1367 1103 1437 qui
1121 1367 1331 1439 penitentibus
1345 1369 1461 1426 veniam
1478 1372 1594 1429 auferre
1611 1378 1740 1431 conatus
1762 1380 1810 1432 est.

107 1461 164 1517 cito
189 1460 276 1533 periit
301 1459 337 1516 ab
362 1458 464 1530 iniquo
489 1456 604 1513 oceieus
629 1455 781 1512 Neehaone
805 1454 929 1523 (Νῆις.
983 1455 1742 1531 iustusnimiseratPelsgieous,dicenshominem
1763 1481 1812 1521 non

103 1552 197 1623 xxm).
211 1549 419 1617 Quantatedia
428 1547 508 1603 dedit
522 1545 708 1618 vitulongaeri
722 1545 867 1612 Manasee,
881 1540 932 1614 qut
984 1560 1069 1616 egere
1083 1545 1190 1602 auxilio
1205 1546 1257 1602 Dei
1268 1551 1300 1603 ut
1311 1549 1387 1604 bona
1398 1555 1497 1622 posset
1507 1553 1634 1622 operari.
1648 1552 1713 1624 Ipsi
1733 1557 1811 1610 eliam

106 1644 136 1700 in
153 1658 241 1715 regno
257 1642 324 1714 plus
339 1656 428 1712 quam
445 1638 659 1711 quinquaginta
682 1636 801 1708 explens
827 1649 930 1700 sanos,
987 1634 1093 1692 nonde
1107 1637 1812 1712 suntEcclesiastigentiles‚quodmultumnooel

106 1732 270 1790 Jerusalem
286 1733 322 1786 de
337 1730 481 1800 sanguine
496 1731 665 1784 senclorum
677 1741 752 1798 quos
767 1724 873 1780 oceidit
885 1739 930 1779 re·
948 1747 974 1812 Β
990 1723 1588 1801 nimiseseejuetum,etnimissapientem.
1600 1732 1748 1791 Plurimos
1755 1733 1812 1806 phi·

108 1823 197 1896 plevit
213 1822 354 1893 usquead
373 1836 406 1875 oe
421 1819 466 1888 (W
480 1818 543 1888 ilco.
560 1817 630 1887 ιιι).
647 1815 736 1871 Isaias
751 1830 803 1886 pro
813 1811 934 1884 justitia
988 1813 1127 1887 Iosephus
1143 1818 1270 1872 muitum
1286 1817 1415 1874 reddidit
1429 1819 1652 1893 obelupslaotos
1669 1823 1809 1896 sapientia

110 1918 241 1971 serratus
256 1916 302 1966 est
317 1910 354 1966 sb
369 1907 429 1964 illo.
441 1907 496 1963 Sed
511 1923 567 1962 non
581 1905 712 1979 periitne
723 1903 779 1970 sit3
794 1901 879 1975 periit
890 1907 935 1957 ta·
989 1903 1103 1973 mundi,
1115 1910 1230 1977 potatos
1240 1911 1270 1962 et
1282 1906 1411 1964 imbutos
1422 1908 1459 1965 de
1469 1909 1608 1968 iaeeesus.
1618 1910 1808 1979 Democritus,

115 2019 182 2059 msa
197 2005 230 2057 ut
245 1997 352 2056 melius
365 1997 413 2053 sit.
429 1992 558 2051 Ezechiel
573 1993 682 2063 gladio,
694 1990 935 2061 Amosdecepita·
988 1992 1179 2066 Chrysippus,
1191 1998 1277 2063 Zeno,
1289 1995 1445 2054 Cleanthes
1461 1997 1617 2071 plusjusto
1627 2002 1715 2074 justi,
1729 2006 1807 2076 etque

113 2096 164 2147 tus
178 2098 268 2159 vecte,
283 2086 425 2144 ieremias
441 2089 506 2156 post
520 2081 649 2149 vincula,
666 2081 773 2148 ierunt,
790 2083 934 2136 eteorum
989 2081 1055 2154 plns
1071 2099 1102 2139 ee
1112 2084 1246 2156 sapuisse
1256 2084 1559 2159 volenlesinjeoerout
1569 2091 1628 2147 eibi
1641 2108 1760 2159 manue,
1771 2093 1806 2147 le·

113 2175 418 2252 lapidetusinjustitio
427 2172 543 2229 Domini
550 2173 709 2244 perierunt,
719 2169 769 2226 sed
778 2168 933 2241 nonporie·
988 2171 1079 2227 rendo
1095 2176 1188 2228 morte
1203 2189 1257 2229 sus
1269 2178 1429 2247 stuporem.
1443 2176 1601 2251 Obstupuit
1616 2180 1741 2237 nimium
1753 2182 1807 2237 pm.

112 2273 191 2324 runt.
204 2270 279 2334 Quot
289 2266 344 2321 sub
355 2263 442 2320 veteri
453 2262 524 2333 lege,
532 2266 736 2333 quottempore
747 2257 934 2331 aovaegratie
988 2261 1132 2333 pedooies,
1148 2262 1273 2319 nimium
1280 2263 1382 2336 justus
1393 2264 1460 2331 eibi,
1472 2267 1524 2339 qul
1535 2267 1636 2326 volens
1646 2285 1715 2327 esee
1728 2271 1805 2335 Deus,

111 2357 141 2413 in
150 2355 269 2428 iustitia
279 2353 394 2411 Domini
404 2357 557 2424 pereuntes
566 2367 623 2406 non
632 2349 790 2423 perierunt,
797 2347 932 2421 etquanti
986 2349 1017 2406 in
1033 2351 1117 2423 ignes
1131 2353 1243 2409 AEthne
1259 2371 1291 2411 ee
1302 2356 1435 2427 proJecil.

1 2434 3 2439 ⁵
110 2438 934 2510 inmelosuodiuinveterativixeruutiiustusergode·
1022 2440 1111 2498 Vens.
1126 2442 1267 2500 lte-rte
1282 2444 1366 2516 impie
1391 2462 1458 2516 apes
1482 2450 1605 2505 maltum
1631 2459 1658 2507 ι)
1681 2453 1742 2508 „015
1759 2466 1806 2507 em

109 2535 248 2610 linquens
260 2529 835 2606 injustitiaperilipsa‚nequepeeeando
847 2528 933 2600 perit,
985 2531 1100 2600 sleltes,
1114 2549 1149 2588 nc
1163 2534 1300 2590 morieris
1316 2535 1482 2608 intempore
1499 2554 1552 2595 uon
1569 2544 1628 2597 teo.
1645 2541 1702 2609 Qui
1727 2558 1802 2615 supro

110 2624 180 2698 quia
195 2624 319 2696 castigat
334 2621 418 2678 illum
429 2620 582 2685 Dominus,
596 2618 696 2675 dicens
709 2635 715 2674 :
727 2620 784 2688 Epo
795 2633 860 2689 οισι
871 2634 933 2674 omo
982 2620 1099 2690 justum
1115 2626 1192 2677 certo
1207 2622 1363 2680 cohibebat
1376 2624 1470 2682 limite
1486 2643 1523 2683 ne
1538 2644 1604 2685 esso
1616 2629 1720 2700 J'ustue
1736 2630 1802 2686 mul·

108 2731 196 2787 arpeo
212 2723 237 2771 ct
247 2715 354 2786 costipo
364 2713 458 2784 (Λροο.
471 2712 513 2781 ιιι)
526 2727 533 2779 ;
544 2710 613 2765 item
624 2724 631 2763 ε
642 2708 748 2780 Septies
758 2707 932 2778 cuditjustus
985 2714 1060 2778 lum,
1077 2727 1172 2784 neque
1185 2711 1252 2784 plus
1267 2720 1382 2786 saperet
1397 2731 1484 2787 quem
1501 2734 1622 2775 necesse
1647 2720 1697 2790 sit,
1727 2722 1799 2777 modo

108 2813 135 2863 ct
148 2812 268 2876 reserpet
283 2807 376 2869 (Ρνου.
388 2803 474 2871 xxiv).
491 2801 593 2856 iustus
609 2812 678 2869 ergo
694 2812 730 2853 us
745 2797 818 2852 forle
833 2800 934 2867 pereat
985 2799 1055 2854 dare
1066 2799 1127 2855 vult
1142 2803 1263 2857 modum
1279 2803 1366 2859 etiam
1382 2809 1488 2861 nostre
1500 2807 1655 2876 impietati.
1667 2811 1798 2877 Quoniam

108 2896 183 2968 perit
197 2898 339 2950 retractus
354 2909 370 2946 u
382 2894 510 2963 peccato,
521 2892 550 2945 et
563 2887 649 2960 quasi
661 2894 741 2942 lener
751 2884 861 2943 vitulus
873 2888 932 2940 stot
985 2887 1195 2945 enimllberum
1204 2889 1348 2947 hebemus
1358 2892 1512 2949 arbitrium
1523 2897 1800 2972 utpeooemoe3quis

108 2984 144 3039 od
161 3000 242 3040 aram
258 2984 349 3038 iaetus
364 2980 492 3035 victima.
508 2978 621 3048 impios
636 2980 735 3032 sutem
751 2978 779 3031 et
796 2974 825 3028 in
854 2972 931 3028 malo
984 2973 1148 3033 humanum
1159 2983 1204 3034 est
1216 2994 1344 3051 peceare,
1356 2981 1534 3039 diabolicum
1547 3001 1743 3060 perseverare,
1752 3003 1801 3044 mo·

106 3074 219 3139 vivens‚
231 3067 540 3143 peribitvidendo,qui
551 3063 928 3122 dimissussihisicutoos-
983 3065 1039 3122 dus
1053 3066 1129 3123 male
1146 3074 1246 3124 nostre
1261 3070 1435 3142 saepiuscule
1451 3072 1608 3131 slleviubil.
1629 3078 1742 3151 impios
1764 3082 1801 3133 est

106 3178 167 3233 gor,
182 3166 211 3217 et
227 3160 302 3215 mele
317 3159 401 3225 iiber,
418 3172 567 3228 nunquam
583 3154 752 3226 corripitur,
776 3168 926 3225 nunquam
943 3116 964 3184 c
983 3154 1109 3211 sednon
1124 3155 1264 3223 multum,
1280 3162 1332 3230 qui
1347 3162 1642 3235 quandopeeesverit
1652 3167 1800 3235 erubescit,

106 3255 250 3306 retrselus
265 3266 282 3303 s
297 3250 423 3319 peeoeto,
440 3250 472 3301 ut
487 3244 551 3301 eine
567 3244 624 3300 line
634 3247 733 3316 pereat
746 3241 796 3298 diu
807 3242 928 3298 vivendo
983 3252 1009 3299 al
1019 3243 1138 3301 festinet
1148 3246 1184 3302 ed
1194 3247 1404 3318 poenitentiem.
1418 3251 1528 3324 impius
1544 3254 1674 3312 multum
1696 3254 1801 3328 estqui

107 3341 299 3412 promeretur,
983 3332 1046 3389 eins
1061 3334 1236 3405 poenilenliae
1251 3337 1380 3394 remedio
1396 3355 1512 3413 semper
1526 3341 1588 3398 vult
1603 3360 1737 3415 pecesre.
1749 3346 1801 3403 liu·

140 3428 230 3485 Vens.
247 3428 292 3483 17.
308 3457 343 3468 -
356 3425 419 3482 Noli
432 3441 488 3481 csse
500 3428 588 3484 iustus
609 3424 740 3495 maltum,
757 3437 845 3494 nepae
866 3423 927 3493 plus
983 3422 1306 3482 elelaienioulovincsra
1320 3427 1743 3502 scitserpenliuomveneuum
1754 3449 1803 3491 me·

103 3518 199 3591 sopios
213 3534 294 3591 quom
307 3524 504 3573 neccsscestnc
516 3515 694 3586 obstupescas.
707 3513 788 3569 Sicut
804 3527 927 3583 pernen·
982 3512 1118 3582 dicando,
1129 3518 1158 3571 et
1168 3530 1271 3572 cervus
1283 3534 1427 3590 equarum
1437 3521 1802 3597 ltuentocapreeeatrshil

104 3609 236 3666 dieulum
246 3624 321 3681 opus
333 3606 453 3662 metitur
463 3605 639 3672 iaciendum,
652 3605 691 3659 ita
701 3602 794 3658 virtus
801 3601 927 3672 justitie
981 3618 999 3658 a
1013 3620 1044 3660 ee
1059 3605 1167 3661 lerrum
1183 3611 1269 3678 gustu
1284 3607 1437 3677 diotamni,
1451 3627 1540 3669 ursus
1557 3617 1742 3673 comedendo
1754 3617 1802 3673 ior·

104 3698 181 3756 Mb
192 3697 373 3770 reliquarum
383 3690 835 3765 virtutumestperpendiculum,
843 3693 872 3745 et
881 3690 925 3745 di·
981 3692 1177 3766 misissetque
1185 3694 1365 3753 leosimilem
1376 3701 1802 3764 manducandosansotor.sssn·

104 3796 183 3846 reete
196 3788 273 3844 lines
288 3802 415 3842 morum.
431 3784 556 3840 iustitias
570 3782 658 3850 lines,
675 3781 773 3836 minus
787 3779 847 3836 sive
860 3779 925 3849 plus
979 3783 1670 3864 guiseapreaesenatieopardum.Sisiiquislere
1681 3796 1802 3853 inlirms·

102 3868 925 3941 nesoithebere.iustitielineevirtutesillnsdirigitstau·
978 3876 1028 3927 tur
1042 3873 1194 3930 sanabitur
1207 3873 1313 3932 housle
1328 3878 1411 3935 onnis
1426 3881 1580 3953 sunguine.
1592 3885 1615 3939 0
1626 3900 1719 3956 quam
1736 3884 1801 3943 elul·

102 3973 146 4025 tes
157 3968 186 4024 iu
198 3966 293 4023 medio
303 3965 441 4021 vitiorum
453 3963 573 4019 reduces
584 3956 852 4031 utrinque‚utnihil
865 3956 924 4013 illis
978 3965 1134 4035 tamquam
1142 3963 1267 4022 stolidus
1276 3965 1363 4024 homo
1370 3973 1425 4035 eet,
1435 3969 1486 4041 qui
1495 3970 1608 4044 ignorat
1618 3975 1699 4044 quod
1715 3974 1801 4031 bestie

102 4059 188 4125 desit,
200 4055 273 4112 nihil
285 4055 353 4110 inde
363 4053 501 4127 supersit.
513 4052 541 4107 Si
553 4051 681 4122 prudens
691 4048 822 4114 silentis,
834 4048 859 4103 ei
869 4063 921 4103 ve·
977 4069 1034 4109 non
1049 4054 1165 4127 ignorat
1178 4052 1185 4110 l
1200 4058 1295 4122 Quare
1310 4057 1423 4117 stultus
1438 4065 1468 4117 et
1480 4062 1604 4118 nimium
1618 4064 1731 4136 impius
1744 4079 1801 4122 esse

99 4148 138 4204 lis
153 4148 304 4202 modestus
318 4160 405 4213 esse;
422 4146 485 4200 sine
500 4143 555 4200 ieta
570 4159 664 4215 neque
680 4142 807 4213 prudens
826 4154 922 4211 neque
976 4142 1141 4214 prohiberis
1158 4144 1218 4201 hese
1232 4150 1391 4216 calesues,
1406 4166 1442 4207 ns
1455 4152 1592 4208 moriaris
1605 4157 1740 4225 tempore
1750 4168 1800 4210 non

99 4236 184 4291 fortis
199 4241 250 4291 aut
266 4234 436 4290 moderatus
452 4233 520 4290 sris.
538 4234 629 4289 Omne
642 4232 719 4304 quod
734 4237 781 4288 eet
796 4229 921 4286 nimium
975 4236 1037 4286 luo.
1052 4234 1134 4298 Coro,
1147 4232 1261 4291 Dathan
1274 4240 1304 4292 et
1314 4238 1424 4295 Abirou
1438 4250 1556 4313 propter
1566 4241 1750 4316 impietatem
1761 4244 1801 4299 ni·

98 4324 264 4382 vertiturin
280 4323 394 4379 vitium.
412 4323 467 4378 Lex
481 4337 550 4395 ergo
566 4322 680 4391 mundi,
696 4320 742 4377 lex
765 4318 919 4386 naturalis,
976 4319 1110 4377 miamin
1128 4326 1405 4397 temporeneasuo
1423 4331 1627 4402 morimeam,
1657 4334 1728 4405 quia
1752 4333 1803 4389 eloi

98 4413 144 4470 lex
158 4412 308 4485 religionis
323 4412 365 4467 ita
378 4411 407 4467 in
420 4411 623 4483 justitiejoolo
635 4411 705 4467 reati
718 4410 918 4476 fundamento,
974 4411 1171 4469 descenderunt
1182 4412 1213 4469 in
1229 4416 1374 4489 infernum
1389 4420 1487 4491 (Nam.
1503 4422 1570 4492 xm).
1588 4421 1710 4480 Videtur
1737 4437 1800 4496 ergo

94 4503 196 4574 iustus
207 4501 274 4574 pios
285 4517 373 4575 quam
386 4517 504 4558 neeesse
516 4500 565 4570 sit,
577 4503 666 4572 utque
676 4497 921 4570 sepiensnimium
935 4488 959 4553 b
974 4499 1141 4559 llooiesiesti
1155 4505 1324 4563 eontrarius
1338 4524 1402 4565 esse
1418 4509 1474 4565 Job
1489 4511 1540 4583 qui
1551 4511 1593 4567 sit
1607 4527 1614 4567 :
1629 4512 1801 4569 Comtiteisti

98 4608 163 4649 esse
172 4589 290 4648 vetaris.
302 4589 430 4645 Nimium
436 4587 921 4661 justuseet‚viudexoulpeimmo·
974 4592 1103 4648 terminos
1117 4591 1177 4664 ejus
1191 4595 1240 4666 qui
1253 4595 1394 4663 preteriri
1408 4614 1464 4654 eon
1478 4603 1629 4672 potueruut
1646 4602 1717 4673 (lob.
1734 4602 1801 4671 ιιι),

97 4683 228 4739 demtus.
244 4679 486 4749 Nimiumjuetue
500 4681 555 4745 eet,
572 4694 630 4733 aon
645 4675 746 4735 volens
771 4676 921 4748 ignoscere
974 4678 1275 4750 quomodoterminoe
1286 4683 1800 4763 eibioonelitutosnonpreteritum

96 4764 783 4845 peccetis.Nimiatibijustilistibijustilietollit
791 4764 917 4838 praemia,
973 4773 1092 4840 propter
1104 4767 1288 4840 iniquitatem
1297 4789 1510 4834 susmnoneuo
1521 4775 1798 4853 moriturlempors?

96 4876 234 4916 verrucas
250 4861 384 4927 iretrum,
397 4858 447 4914 esd
459 4874 517 4914 non
528 4874 582 4914 sus
592 4858 737 4913 damnans
748 4855 860 4912 tubera.
872 4854 919 4910 Sio
972 4856 1027 4912 Sed
1037 4857 1125 4914 hsbet
1135 4865 1241 4917 nature
1251 4866 1369 4932 tempos
1380 4868 1457 4938 quod
1469 4868 1610 4939 preteriri
1622 4886 1681 4926 non
1694 4873 1799 4943 polest,

91 4950 207 5022 justum
222 4948 359 5022 prohibet
373 4947 473 5017 nimis,
490 4946 541 5020 qui
553 4946 594 5004 eit
606 4962 614 5002 ι
627 4948 715 5003 Estote
725 4943 918 5001 misericordes
972 4945 1083 5003 stultus
1097 4953 1194 5006 eutem
1210 4967 1298 5008 suum
1309 4970 1342 5010 se
1352 4955 1445 5012 credit
1459 4956 1565 5016 habere
1576 4962 1706 5032 tempus,
1722 4957 1797 5032 quod

95 5039 176 5109 (Luc.
194 5039 243 5109 vr),
259 5044 291 5095 ut
304 5038 382 5097 idem
394 5038 450 5110 ipsi
466 5038 710 5110 consequamini:
729 5037 880 5096 Dimittile.
891 5037 919 5092 ct
973 5053 1066 5108 neque
1082 5042 1187 5094 ustura
1204 5039 1264 5107 det,
1281 5057 1376 5115 neque
1391 5045 1488 5117 gratie
1502 5051 1631 5120 prestat,
1649 5049 1700 5105 esd
1726 5044 1801 5122 quod

93 5129 274 5186 dimittemini
285 5130 387 5201 (loidi.
397 5130 494 5186 Monet
503 5128 693 5185 Ecclesiastes
704 5144 740 5184 ne
753 5127 819 5201 pius
829 5142 917 5199 quum
972 5122 1057 5196 lingit
1071 5123 1133 5180 sola
1144 5129 1334 5199 presumptio
1344 5145 1425 5186 vene
1436 5133 1509 5204 spei.
1523 5135 1664 5192 ileversx
1677 5140 1724 5192 est
1733 5135 1796 5201 Joh,

92 5235 213 5278 neeesse
226 5219 389 5290 eslsapias,
401 5218 478 5290 quod
489 5217 635 5274 etPsulus
655 5216 918 5288 apostolueoonllr-
972 5213 1508 5277 veraxestEcclesiastes.lobnsture
1516 5224 1797 5296 tempusquodpre·

92 5319 161 5379 mot,
177 5311 279 5368 dicens
295 5327 302 5366 :
317 5312 382 5367 Noli
396 5311 458 5366 elta
474 5324 574 5381 supere
586 5309 632 5366 sed
650 5326 746 5383 sapere
771 5324 856 5383 esque
882 5308 917 5365 nd
970 5301 1220 5371 teririnenpoteet
1231 5305 1369 5378 ailirmsl;
1379 5309 1801 5370 thelesiaeteeverononsuum

91 5401 269 5458 sobrictatem
283 5403 374 5473 (liam.
388 5399 449 5471 ιιι).
469 5399 579 5455 Dicitet
590 5400 741 5456 Socrates:
756 5422 771 5450 «
783 5399 851 5463 Ouo
863 5416 916 5456 eu·
971 5394 1089 5463 tempus
1104 5390 1228 5464 imputet
1243 5396 1346 5465 stulto,
1362 5403 1392 5455 et
1403 5415 1493 5457 suum
1505 5406 1624 5472 tempus
1635 5418 1702 5459 esse
1712 5406 1799 5475 negat

91 5506 145 5563 prs
160 5508 225 5560 noe,
240 5492 313 5549 nihil
330 5492 365 5548 ad
376 5507 439 5547 nos.
452 5494 523 5547 Tres
534 5505 626 5546 unum
638 5489 752 5558 dicuat,
762 5490 812 5545 esd
824 5488 915 5561 inspi·
969 5479 1089 5552 (luendo
1103 5481 1258 5549 morietur.
1274 5487 1415 5558 quonism
1430 5491 1549 5561 quidem
1565 5491 1655 5565 impie
1670 5497 1700 5550 et
1710 5493 1799 5550 stulte

92 5583 137 5635 ret
151 5579 230 5639 Deus
245 5597 338 5639 unum
352 5579 459 5640 tribus.
472 5600 487 5632 ι
500 5578 607 5638 Peulos
621 5579 700 5652 quod
713 5577 914 5653 prohibuitvi·
968 5571 1069 5631 vivens
1083 5572 1180 5645 perdit
1194 5573 1310 5634 vivendi
1325 5581 1470 5653 tempore.
1483 5581 1613 5656 Tempus
1622 5599 1713 5641 suum
1723 5582 1800 5642 male
