3826 6014
153 234 211 293 587
685 226 855 288 RUPElt'll
878 221 1047 285 seems
1068 215 1303 282 dorilensis.
1800 209 1859 268 588

154 369 298 437 timjnrta
312 361 577 419 considerationem
588 360 660 430 justi
674 359 888 431 judieii,1usta
913 359 977 414 vin·
992 362 1021 424 Α
1034 353 1242 426 pertransitio
1257 367 1311 424 ooo
1323 367 1416 408 ommes
1427 354 1610 422 peccaverunt
1627 345 1756 417 (Domi).
1773 346 1861 415 Super

153 457 245 512 dietae.
271 452 438 521 erirrsnper
466 465 546 522 que-m
574 467 627 504 non
649 451 779 506 transivit
804 449 978 505 molitiotuo
1032 460 1112 518 qoem
1129 444 1472 517 ergomoliliuejasnorr
1487 436 1813 513 pertransiitiQuisnon
1830 435 1860 489 in

152 540 482 612 semperilnterrognndo
497 554 734 611 soperqmmnoa
749 537 882 594 transivit
898 538 979 592 moli·
1033 533 1241 605 iniquitatibus
1255 536 1602 603 conceptnsest,etquem
1616 528 1711 582 nonin
1733 524 1859 597 peceatis

151 633 377 694 tiotuosemeer,
398 627 600 683 vehementius
632 627 857 698 aillrmatquod
891 642 979 698 super
1033 623 1269 694 concepitmater
1283 623 1472 695 suaili’sal.
1497 624 1530 692 1).
1548 620 1641 694 igitur
1668 634 1758 674 causa
1783 617 1855 682 lirae,

154 736 257 777 omnes
268 717 419 772 transierit
435 716 548 771 malitia
564 717 628 786 ejus
644 733 808 779 semoensx
823 733 882 790 quo
897 716 975 771 enim
1033 730 1122 770 eausa
1135 718 1294 786 mngnaest
1309 729 1361 769 eur
1375 728 1459 783 super
1473 717 1499 770 te
1508 726 1622 766 monam
1635 705 1856 781 compresserint,

154 824 203 877 per
218 810 383 877 serpentem
402 803 549 876 malignus
564 809 593 858 et
608 802 774 859 malitiosus
787 805 979 860 mentitusest
1032 819 1126 859 ramnes
1137 803 1186 874 poi
1197 801 1350 858 audierant
1364 802 1537 858 auditionem
1551 807 1630 854 tuom
1639 817 1651 863 ,·
1665 799 1735 869 quia
1748 805 1774 853 te
1790 797 1856 868 qui·

155 895 256 952 dicens
273 911 280 949 :
296 894 478 965 Nequaquam
493 900 581 948 morte
597 893 758 948 moriemini
771 913 782 959 ,-
797 892 936 958 comedrte,
952 896 980 948 et
1032 896 1099 952 dom
1116 897 1198 967 eujus
1206 896 1317 952 malitia
1327 913 1416 968 saper
1426 911 1528 951 omnes
1541 908 1691 965 perunum
1708 889 1863 961 pertransi·

154 985 238 1041 eritis
253 982 323 1039 sicot
336 980 455 1052 diitden.
472 982 526 1052 ru),
542 997 659 1053 semper
686 985 715 1037 et
738 981 930 1050 incessanter,
946 997 981 1036 ex
1032 985 1085 1052 vit,
1098 1001 1175 1040 unus
1191 984 1279 1040 bomo
1295 983 1344 1055 qui
1361 981 1442 1039 solus
1457 984 1521 1039 sine
1535 985 1654 1053 peceato
1664 978 1761 1044 exivit,
1778 979 1861 1032 dam·

158 1089 216 1129 uno
235 1077 263 1128 ot
276 1089 327 1144 per
343 1087 432 1126 unum
462 1070 491 1125 io
508 1086 610 1125 omnes
634 1069 771 1126 homines
786 1069 979 1142 malitiosius
1035 1073 1116 1129 navit
1131 1079 1216 1144 atque
1228 1072 1459 1143 eontrivit;ipsos
1474 1076 1566 1128 autern
1580 1071 1615 1126 de
1629 1067 1742 1125 malitia
1757 1067 1862 1123 libera·

158 1161 335 1233 pertransiit,
359 1160 608 1232 quemadmodum
635 1158 794 1231 Apostolus
818 1176 825 1215 ε
848 1160 918 1227 Quin
932 1176 981 1230 per
1033 1163 1076 1218 vit
1091 1160 1369 1234 atquejustilleavit,
1380 1161 1432 1233 qui
1446 1160 1603 1216 audientes
1618 1159 1818 1230 gravisisunt,
1834 1159 1861 1211 et

158 1268 245 1308 nuum
255 1250 392 1306 homiuem
407 1251 436 1303 iu
451 1250 525 1304 inire
537 1247 672 1304 anundum
698 1252 838 1316 peceatum
854 1249 979 1320 introvit,
1034 1252 1198 1324 gaudentes
1212 1251 1459 1323 atqueoredentes
1471 1253 1592 1320 superte
1602 1262 1716 1302 monum
1726 1260 1862 1316 compres-

158 1349 184 1397 et
199 1358 249 1413 per
258 1349 398 1411 peccatam
413 1355 496 1404 mors,
513 1343 538 1393 et
554 1339 592 1394 ito
609 1337 637 1392 iu
654 1354 749 1394 ornares
768 1338 892 1395 homines
907 1355 981 1395 mors
1035 1348 1140 1396 serant.

157 1461 1808 1495 w

305 1544 634 1641 PROLOGUS
669 1546 933 1641 RUPERTI
967 1547 1031 1640 IN
1065 1547 1270 1643 JONAM
1306 1543 1699 1642 PROPHETAM.

202 1731 283 1790 850
300 1725 453 1787 Octavum
472 1727 697 1804 prophetarum
713 1724 840 1787 Abacuc
852 1724 1040 1804 jamdudum
1055 1727 1178 1806 ingredi
1193 1725 1325 1787 ardebat
1340 1726 1476 1794 animos,
1497 1725 1572 1785 dum
1589 1722 1693 1783 adhue
1717 1722 1749 1781 in
1779 1740 1864 1800 praa-

162 1809 304 1878 cedente,
320 1806 438 1867 scilicet
453 1809 571 1877 Naum,
589 1813 674 1866 totus
690 1814 849 1867 teneretur
863 1808 1013 1868 intentus.
1030 1808 1143 1870 Adbuc
1158 1809 1240 1867 enim
1257 1808 1338 1868 circe
1355 1809 1432 1868 lines
1455 1805 1550 1878 illius,
1576 1804 1719 1864 videlicet
1743 1805 1863 1876 Naum,

164 1888 368 1950 meditatione
385 1890 448 1947 lere
463 1886 613 1948 continua
631 1886 823 1960 versabatur,
841 1886 950 1965 etjam
967 1888 1058 1969 quasi
1073 1888 1111 1948 de
1126 1907 1304 1968 propinquo
1320 1888 1389 1948 loco
1403 1887 1520 1964 aliquo,
1547 1884 1603 1944 illa
1626 1885 1721 1962 bajus
1745 1883 1863 1944 vocile·

163 1969 244 2030 ratio
261 1968 389 2047 grandis
402 1966 601 2027 audiebatur.
619 1993 633 2021 o
653 1971 831 2044 [squequo.
850 1970 992 2041 Domine,
1009 1968 1165 2042 elamabo,
1181 1975 1213 2028 et
1228 1987 1290 2029 non
1305 1968 1454 2028 exaudies
1471 1966 1599 2047 (liobae.
1617 1967 1652 2043 1),
1670 1988 1685 2019 »
1707 1965 1860 2024 vocifere-

163 2050 222 2111 bor
237 2056 275 2109 ad
295 2057 322 2108 te
339 2046 547 2125 impatiens,
564 2054 595 2108 et
609 2065 671 2107 non
683 2047 844 2108 salvabis?
859 2049 955 2108 ltem:
974 2073 989 2104 o
1007 2049 1137 2110 Domine
1152 2049 1257 2109 audivi
1280 2047 1472 2109 auditionem
1500 2054 1599 2116 tuam,
1622 2054 1654 2105 et
1675 2043 1766 2104 timui
1791 2046 1864 2123 (lla-

164 2129 234 2190 bae.
251 2128 309 2208 ru).
327 2152 342 2184 o
358 2130 471 2189 Fateor
486 2131 561 2206 qnia
578 2129 638 2187 vim
663 2127 809 2187 clamoris
833 2127 1062 2205 hujuscemodi,
1091 2148 1151 2190 non
1177 2129 1244 2189 sine
1267 2129 1403 2207 quodam
1428 2127 1533 2187 divino
1558 2125 1688 2186 horrore
1710 2124 1863 2185 audiebat

165 2210 250 2271 araris
264 2208 420 2270 interioris
435 2208 581 2269 hominis.
600 2211 740 2286 Namque
755 2208 830 2269 illuc
844 2207 966 2287 ingredi
979 2209 1137 2288 cupiebat,
1157 2227 1276 2269 memor
1289 2209 1373 2269 illins
1397 2207 1543 2268 versiculi
1556 2228 1562 2264 ι
1591 2229 1603 2258 o
1633 2206 1779 2267 laetabor
1802 2222 1862 2282 ego

165 2308 260 2370 super
273 2290 400 2368 eloquia
415 2297 480 2358 toa,
496 2289 575 2350 sicut
590 2289 644 2367 qni
658 2290 778 2350 invenit
792 2289 893 2368 spolia
908 2290 1008 2351 multa
1021 2290 1117 2371 (Pssl.
1135 2289 1250 2369 orriri).
1271 2313 1284 2344 s
1300 2289 1480 2351 sentiebam
1499 2286 1616 2367 aliquid
1633 2286 1671 2347 de
1687 2285 1862 2364 cupiditate

166 2370 303 2432 bominis
318 2369 533 2447 negotiatoris,
549 2369 647 2431 bonas
663 2368 850 2448 margaritas
864 2371 1045 2448 quaerentis,
1061 2372 1116 2449 qui
1130 2377 1204 2432 tune
1217 2373 1344 2430 demum
1361 2389 1455 2429 unam
1468 2387 1501 2429 ae
1515 2367 1671 2428 invenisse
1687 2369 1859 2446 pretiosam

155 2451 381 2531 ,margar-itam,
399 2469 461 2510 non
479 2468 556 2509 vane
571 2450 753 2519 arbitratur,
770 2468 842 2513 eum
859 2451 952 2513 iidem
967 2452 1015 2512 vel
1027 2451 1195 2530 justitiam,
1212 2468 1283 2530 quae
1298 2451 1439 2511 Christus
1454 2454 1511 2515 est.
1537 2449 1654 2509 invenit
1680 2447 1710 2506 in
1736 2447 1806 2522 lege
1829 2450 1864 2506 et

165 2533 338 2612 prophetis,
354 2548 409 2609 per
423 2549 502 2608 qnos
517 2532 583 2590 sine
599 2530 694 2591 dubio
710 2532 890 2592 locutnsest
912 2531 1048 2611 Spiritus
1069 2539 1207 2596 sanctus.
1224 2532 1317 2591 Novit
1338 2531 1405 2610 ipse
1429 2530 1570 2591 Christus
1593 2528 1697 2589 cordis
1721 2526 1859 2606 paterni,

165 2612 267 2672 cordis
281 2613 367 2671 aurei
384 2611 553 2688 margarita
570 2611 706 2689 pretiosa
720 2610 810 2690 quasi
825 2617 995 2673 scrutando
1010 2614 1199 2692 scripturas,
1215 2612 1384 2672 scrutando
1400 2612 1583 2689 propbetas,
1609 2609 1712 2687 ipsum
1734 2608 1860 2685 qrraerit,

165 2693 226 2753 ista
241 2692 410 2752 scrutantis
426 2694 532 2752 anima
546 2701 688 2753 sanctum
706 2693 855 2753 invocans
869 2692 1032 2772 Spiritum,
1049 2694 1103 2771 qui
1119 2693 1242 2753 loeutus
1256 2701 1303 2753 est
1318 2711 1374 2770 per
1389 2692 1571 2771 prophetas,
1590 2697 1624 2750 ut
1653 2686 1865 2767 pulchritudi-

167 2792 237 2832 nem
266 2771 335 2833 tslis
368 2773 561 2850 margaritae,
582 2773 648 2849 jam
676 2771 727 2832 bic
750 2791 807 2852 per
830 2773 890 2833 boc
912 2773 1086 2852 spontem,
1109 2772 1140 2832 in
1167 2772 1226 2832 isto
1251 2771 1428 2851 prophetici
1448 2771 1601 2832 sermonis
1625 2769 1795 2845 aenigmate
1822 2766 1868 2828 sic

165 2853 381 2932 praeostendit,
395 2861 551 2931 quatenus
567 2853 708 2912 eamdem
726 2854 755 2911 in
769 2855 874 2911 loturo
891 2853 1008 2913 saeculo
1024 2871 1147 2933 semper
1163 2852 1333 2932 possidere,
1351 2857 1382 2912 et
1396 2851 1488 2912 sicuti
1504 2859 1562 2923 est,
1580 2850 1686 2910 uidere
1701 2848 1865 2909 concedat.

166 2934 245 2995 Dicit
261 2941 366 2994 autem
385 2934 571 3010 apostolos:
590 2955 604 2985 o
623 2934 701 3004 Ouia
718 2933 819 3010 gloria
834 2939 939 2992 nostra
951 2931 1019 2994 brec
1034 2941 1090 3003 est,
1107 2933 1321 2994 testimoninm
1346 2932 1546 2992 conscientiae
1571 2939 1696 3002 nostrae,
1723 2929 1809 3008 quod
1833 2928 1867 2987 in

164 3013 365 3092 simplicitate
381 3018 412 3071 et
427 3012 605 3072 sinceritate
621 3014 688 3083 Dei,
705 3019 735 3071 et
748 3031 809 3072 non
826 3012 856 3070 io
868 3013 1023 3091 sapientia
1037 3014 1167 3084 carnali,
1185 3014 1239 3073 sed
1255 3012 1285 3072 in
1302 3015 1405 3091 gratia
1420 3013 1475 3073 Dei
1490 3013 1667 3073 correersati
1691 3027 1801 3070 sumus
1824 3007 1866 3087 (ll

164 3096 234 3154 Cor.
251 3094 286 3171 ι).
306 3115 320 3147 a
337 3097 412 3150 tium
428 3092 487 3153 boc
502 3092 658 3168 exemplo,
671 3097 702 3152 ct
716 3091 795 3151 illud
810 3092 850 3152 ad
866 3094 1114 3154 consolationem
1131 3093 1261 3164 aceedit,
1280 3093 1364 3172 quod
1381 3111 1446 3167 vos,
1464 3113 1483 3152 ο
1497 3093 1556 3154 viri
1567 3091 1768 3153 ecclesiastici
1780 3097 1865 3149 etre-

165 3171 427 3250 ligiosi,benevoli
443 3179 474 3231 et
490 3171 667 3249 spirituales
678 3172 782 3244 amici,
795 3191 874 3251 quos
884 3174 914 3233 in
929 3175 1061 3252 proemio
1071 3175 1301 3254 explanationis
1312 3176 1415 3235 Naum
1429 3171 1667 3251 prenominavi,
1678 3171 1867 3250 parvitatem

165 3269 266 3311 meam
284 3250 366 3311 baina
383 3269 437 3329 spe
452 3251 659 3311 consolamini
675 3253 794 3312 lructos
810 3254 1014 3332 percipiendi.
1030 3254 1080 3315 bis
1095 3263 1126 3316 et
1141 3253 1360 3334 hujuscemodi
1375 3254 1490 3314 veritis.
1516 3255 1625 3314 insiste
1649 3251 1757 3329 igitur,
1784 3251 1868 3311 bone

165 3331 287 3391 viret«
305 3331 437 3390 viriliter
451 3350 520 3410 age,
538 3340 569 3392 ct
590 3332 785 3393 confortetur
799 3352 853 3393 cor
869 3340 956 3394 tuum
971 3334 1078 3413 (prov.
1095 3337 1180 3414 xxx),
1200 3358 1215 3391 »
1241 3343 1276 3395 at
1299 3334 1417 3395 deliciis
1442 3352 1520 3412 qnae
1544 3334 1575 3393 in
1600 3333 1658 3393 bae
1684 3332 1868 3411 pcreprina·

162 3414 247 3473 lione
262 3412 440 3472 summatim
459 3411 618 3490 praelibas,
635 3414 760 3473 tandem
778 3413 872 3491 pleno
887 3433 941 3475 ore
956 3416 987 3475 in
1006 3433 1103 3495 regno
1123 3416 1180 3477 Dei
1204 3434 1299 3496 super
1323 3433 1463 3480 mensam
1489 3414 1556 3493 ejus
1580 3415 1677 3473 edens
1699 3420 1730 3473 et
1754 3411 1868 3472 bibens

163 3493 345 3571 perfruaris.
360 3493 426 3551 Non
442 3493 538 3570 igitur
554 3493 643 3573 quasi
659 3512 754 3572 snpra
771 3495 899 3554 modum
916 3501 1064 3574 gravatus
1079 3496 1306 3557 detractionem
1323 3495 1510 3574 cujusquam
1528 3495 1573 3554 ita
1588 3500 1735 3555 vereatur
1763 3489 1869 3552 fidelis

161 3570 297 3650 animus,
315 3573 483 3633 ntabono
498 3573 751 3646 studiodecidat,
769 3580 800 3635 el
825 3580 948 3655 torpent
973 3576 1111 3638 remissis
1135 3576 1291 3650 manibus,
1317 3575 1381 3637 imo
1410 3575 1564 3636 stellionis
1589 3591 1711 3633 memor
1735 3572 1786 3643 sit,
1814 3569 1870 3650 qui

162 3671 281 3731 pennas
296 3671 358 3713 non
374 3652 494 3713 babens
511 3654 656 3714 manibus
672 3655 780 3732 utitur,
798 3661 829 3715 et
845 3662 987 3717 moratur
1009 3656 1040 3717 in
1065 3656 1186 3720 adibus
1209 3675 1331 3736 regom,
1356 3661 1387 3717 et
1409 3655 1486 3735 galli
1511 3654 1662 3717 succincti
1690 3653 1816 3714 lumbos
1835 3656 1868 3713 et

162 3734 280 3810 arietis,
298 3751 354 3794 uec
368 3741 416 3795 est
431 3752 484 3794 res
501 3735 555 3812 qui
571 3735 696 3795 resistat
711 3736 766 3795 eis.

457 3971 545 4091 IN
590 3972 984 4097 HABACUG
1039 3973 1563 4105 PROPHETAll

269 4164 1062 4263 eonnaurnaroaorr
1128 4167 1370 4263 areae
1436 4164 1763 4263 paruos,

200 4368 277 4427 250
290 4368 353 4425 cir».
367 4372 388 4426 l.
399 4401 433 4411 -
450 4373 530 4428 Onus
547 4370 619 4442 qood
636 4370 705 4427 sidit
719 4372 824 4428 Alacres
841 4375 984 4447 proplieto.
1000 4390 1025 4456 Β
1039 4372 1194 4430 ostendisiti
1203 4373 1273 4429 mibi
1287 4372 1463 4446 iniquitatem
1479 4381 1506 4429 et
1520 4373 1640 4429 lotorem
1655 4370 1868 4443 videre‚etprae·

170 4457 232 4522 Duo
243 4464 373 4531 tempore
385 4459 647 4528 ineritrtbacucex
664 4460 779 4516 Daniele
795 4463 985 4528 docemur,ad
1042 4461 1140 4517 moret
1156 4461 1328 4531 iniustitiam
1355 4470 1451 4519 contro
1466 4477 1519 4518 me.
1537 4461 1622 4516 ltecte
1653 4459 1700 4515 bic
1718 4458 1863 4531 propbeta

168 4563 254 4619 quern
269 4547 298 4602 in
321 4548 386 4604 laco
404 4549 521 4605 leonum
537 4566 603 4605 cum
621 4549 742 4622 prandio
757 4553 864 4608 missus
881 4553 986 4624 legitur
1040 4549 1265 4605 nonrenllbaeuc
1276 4548 1491 4622 sortitus,quod
1502 4549 1867 4620 interpretatur-amplexio

157 4636 245 4706 ilion.
262 4636 330 4709 mv).
358 4638 400 4692 nit
428 4640 459 4693 Β.
485 4637 691 4711 Hieronymus,
715 4656 880 4711 quanquam
906 4642 982 4714 apud
1037 4640 1097 4696 aive
1112 4639 1238 4704 luctator,
1255 4638 1324 4711 quis
1338 4639 1473 4695 videlieet
1495 4636 1710 4709 quodammodo
1726 4636 1755 4691 in
1768 4643 1866 4692 certa-

163 4723 299 4781 Hebraeos
314 4723 492 4782 illahistoria
506 4743 563 4783 non
580 4726 701 4795 lepatur.
717 4728 780 4783 Sive
800 4728 865 4800 quis
880 4730 984 4802 recipit
1038 4744 1104 4785 men
1118 4733 1148 4785 ct
1161 4726 1321 4783 luctantem
1341 4733 1381 4791 et.
1397 4733 1429 4782 ut
1444 4726 1485 4782 ila
1511 4727 1616 4793 dicam,
1645 4727 1673 4780 in
1692 4725 1862 4797 amplexam

164 4813 454 4886 Scriptursmillarn,
484 4816 616 4872 sivenon
645 4816 757 4888 recipit,
783 4817 982 4890 hictanqusm
1038 4833 1117 4875 more
1136 4814 1863 4887 luctantiseumDeocongreditur,aususeumad

163 4904 304 4977 propbeta
326 4907 438 4971 scribit,
455 4923 518 4978 que
535 4913 657 4963 ventura
680 4907 838 4973 coponem.
856 4908 891 4963 m
905 4924 982 4978 quo·
1037 4911 1411 4986 disceptationemjustitiae
1426 4927 1592 4984 provocare,
1608 4915 1637 4966 et
1652 4909 1748 4965 dicere
1761 4909 1864 4976 ei,cur

163 4997 248 5051 modo
263 4997 405 5069 propbeta
420 4998 525 5061 Naum,
540 5015 626 5071 qoem
655 4997 703 5054 hio
722 5001 867 5070 sequitur,
883 4999 984 5056 vatini-
1037 5000 1066 5056 in
1084 5003 1171 5056 rebus
1188 4999 1324 5055 humanis
1336 5004 1417 5055 tanta
1432 5005 1562 5055 versetur
1573 4998 1725 5071 iniquitas,
1742 5001 1769 5052 et
1780 4995 1862 5066 inju-

162 5082 243 5138 nium
259 5083 361 5141 bnbuit
377 5092 479 5142 eontra
495 5086 626 5143 Ninivem
642 5092 672 5142 st
684 5087 874 5161 Assyriosqni
890 5095 985 5146 vasta·
1038 5093 1102 5146 stus
1117 5094 1220 5145 contra
1242 5088 1355 5159 justum
1386 5087 1531 5160 prevalet.
1557 5087 1707 5159 usquequo,
1733 5090 1862 5152 Domine,

160 5176 264 5228 verunt
280 5175 377 5231 decem
395 5175 500 5241 tribus,
518 5192 581 5247 qua
596 5181 737 5232 vocantur
750 5177 852 5245 lsrael,
874 5177 914 5235 its
930 5178 984 5236 isle
1037 5179 1143 5251 inquit,
1156 5177 1297 5245 clamabo,
1325 5187 1350 5233 et
1364 5195 1419 5234 aon
1434 5176 1578 5242 emrodies,
1602 5175 1773 5244 vociterolor
1787 5174 1824 5229 od
1839 5183 1866 5230 te

160 5256 236 5317 obus
251 5263 418 5331 vidit,idesl
432 5282 491 5320 rem
504 5281 620 5336 gravem
630 5271 658 5319 et
671 5265 807 5335 ponderis
817 5267 983 5341 laborisque
1037 5271 1092 5326 uim
1106 5271 1226 5340 potiens,
1238 5277 1264 5324 et
1275 5283 1329 5322 nou
1339 5267 1458 5323 rotrudis
1478 5266 1493 5321 ‘l
1517 5266 1607 5335 Quare
1632 5266 1777 5321 ostendisti
1792 5263 1867 5320 milii

161 5348 287 5420 plenam,
305 5354 444 5410 adversos
461 5353 673 5426 Babylonemet
684 5354 984 5424 Nabuchodonosor,a
1037 5359 1213 5431 iniquitatem
1226 5365 1252 5412 et
1267 5357 1389 5413 laborem
1405 5354 1633 5425 uiderepreedom
1649 5359 1675 5410 et
1692 5355 1866 5425 injustitiam

161 5439 268 5510 quilius
287 5441 362 5496 inda
377 5448 406 5497 et
421 5441 611 5510 Hierusalem,
625 5440 827 5516 templumque
842 5446 984 5502 subversa
1036 5461 1134 5504 contro
1148 5463 1192 5502 me
1205 5444 1219 5503 i
1234 5445 1268 5502 lit
1283 5444 1392 5502 lactum
1407 5449 1452 5501 eet
1463 5443 1608 5513 iudicium
1621 5449 1649 5499 et
1664 5440 1862 5500 contradictio

160 5537 238 5588 erint.
252 5534 401 5607 ticenoque,
416 5534 539 5598 Domine,
559 5533 691 5596 clamabo,
708 5537 733 5592 el
747 5551 802 5590 non
826 5535 981 5599 esorsdiesr
1037 5534 1191 5607 potentior.
1210 5538 1324 5600 Propter
1344 5533 1394 5590 boe
1408 5533 1532 5589 lacerato
1550 5541 1590 5587 est
1605 5534 1660 5599 lea,
1673 5539 1699 5587 et
1715 5546 1770 5586 noo
1795 5547 1864 5602 per-

159 5618 333 5689 vociferabor
342 5623 380 5679 ort
394 5625 419 5679 te
434 5622 648 5695 simpatieaspt
664 5636 719 5678 aoa
733 5621 875 5680 solmbist
889 5623 982 5693 Quare
1034 5627 1110 5682 uenit
1125 5622 1255 5696 monenti
1268 5623 1354 5694 finem
1363 5621 1517 5695 judiciem,
1531 5624 1599 5695 poio
1611 5623 1713 5695 impius
1727 5620 1863 5695 praenotet
