3826 6014
58 243 137 305 llus
733 244 940 310 COMMEN'I’.
965 249 1005 309 IN
1026 249 1109 312 JOB.
1686 259 1763 322 tiss

56 380 127 436 tism
143 378 173 434 in
191 379 289 436 iesille
317 386 346 437 et
361 382 494 454 ciuem,-
513 386 543 442 id
572 389 617 443 sst
644 398 820 457 recognosco
836 400 881 442 me
896 388 922 453 A
937 384 1055 442 luerent
1069 386 1124 443 Job
1139 387 1278 460 duplicia,
1295 411 1310 439 n
1324 389 1458 447 videlicet
1473 397 1506 447 ut
1518 393 1689 450 tentationis
1703 394 1768 452 dis-

56 468 188 527 ier-illem
204 473 375 529 etcinerem
392 490 467 531 csse.
937 476 1075 546 pendium
1092 476 1241 534 vincerent
1256 479 1397 554 suffragio
1412 482 1657 539 consolationum.

94 557 180 614 Vens.
196 561 223 614 7.
241 591 273 601 -
289 583 303 610 «
321 560 477 635 Postquam
491 572 588 622 eutem
601 566 715 623 locutus
726 573 771 623 est
786 565 883 622 Domi·
971 562 1059 621 Vens.
1078 566 1120 621 ll.
1135 597 1170 607 -
1185 589 1200 617 (ι
1213 567 1359 623 Venerunt
1376 576 1473 625 eutem
1504 570 1539 625 ad
1565 586 1632 626 sum
1658 587 1762 630 omnes

56 665 148 714 nus,n
163 649 656 723 etc.llcceessistentibuspertibus
670 655 881 713 etseutentiam
936 653 1040 710 iratres
1056 656 1114 723 eui,
1124 677 1138 706 n
1154 662 1208 713 etc.
1226 681 1239 708 a
1254 658 1290 714 tt
1303 661 1505 726 comederunt,
1518 683 1532 710 n
1549 661 1654 733 inquit,
1667 682 1681 711 «
1692 677 1760 717 cum

56 736 303 811 inspectantibus,
317 742 426 812 proiert
439 745 622 802 Dominusex
632 744 770 802 invisibili
782 743 883 815 regula
934 759 968 799 eo
985 761 1087 813 panem
1103 745 1133 800 in
1156 746 1243 803 domo
1257 747 1322 817 ejus
1334 766 1345 802 .·
1359 757 1388 804 et
1412 757 1565 805 moverunt
1588 767 1677 822 super
1691 767 1760 807 rum

55 841 116 882 suae
127 826 312 884 discretionis
323 835 619 893 examenostsndens
631 837 715 905 qussi
729 833 756 888 in
767 842 883 889 conten·
934 839 1031 902 caput.
1050 856 1061 882 ι
1081 839 1110 888 lu
1127 837 1305 892 comestione
1327 838 1410 904 nauis
1425 839 1565 907 obtritas,
1583 841 1611 894 in
1630 841 1759 896 motione

55 917 135 973 lions
148 918 202 973 iste
220 920 326 975 rectius
342 919 456 977 locutus
474 923 520 977 sit.
538 945 552 974 ιι
571 923 632 978 Nou
649 924 730 991 estis,
745 947 757 972 s
775 922 881 992 inquit,
934 922 1040 990 cepitis
1062 922 1217 979 admiratio
1244 926 1425 994 designatur.
1441 949 1456 978 «
1474 931 1507 982 Et
1522 929 1664 983 consoleti
1690 934 1760 985 sunt

55 1027 71 1058 α
86 1004 175 1062 locuti
189 1013 297 1064 rectum
311 1025 408 1065 ocrem
422 1013 557 1076 me,sicut
573 1027 676 1067 servus
687 1027 769 1067 meus
781 1010 847 1066 lob.
866 1030 879 1058 e
934 1024 1001 1064 eum
1018 1027 1107 1083 super
1123 1013 1202 1067 omui
1217 1012 1292 1068 mulo
1307 1016 1383 1087 quod
1396 1013 1535 1071 intuleret
1549 1017 1693 1073 Dominus
1708 1033 1759 1073 su·

54 1095 127 1152 Ecce
143 1096 201 1153 Deo
212 1097 312 1169 judice
328 1098 430 1154 beatus
444 1099 499 1156 Job
512 1100 604 1156 victor
617 1100 763 1169 tendetur,
775 1099 827 1172 qni
843 1097 882 1155 lo.
934 1114 985 1170 per
999 1115 1078 1165 eum,
1096 1121 1108 1153 ι
1125 1100 1215 1157 idest
1237 1118 1328 1173 super
1351 1120 1384 1160 ao
1399 1103 1492 1175 gavisi
1521 1112 1602 1161 sunt.
1620 1104 1755 1162 Percussi

52 1185 170 1258 queudo
187 1202 321 1256 peccasse
338 1191 535 1259 putabatur,et
547 1189 759 1261 eodemjudice
769 1187 880 1246 addicti
932 1189 1011 1243 enim
1029 1205 1179 1246 moerorem
1196 1191 1399 1258 consolantem
1414 1193 1440 1248 ei
1453 1198 1519 1263 post
1535 1195 1757 1265 percussionem

54 1280 125 1332 sunt
139 1275 189 1347 qui
204 1277 269 1346 eius
286 1278 389 1333 merite
404 1294 435 1334 se
450 1279 659 1335 transcendere
684 1295 734 1350 pro
759 1278 817 1334 Deo
832 1276 880 1334 lo·
933 1276 968 1333 de
982 1276 1065 1333 venie
1080 1281 1272 1352 congaudere.
1288 1285 1345 1337 «st
1355 1280 1500 1338 dederuut
1514 1283 1539 1339 el
1552 1285 1757 1359 unusquisque

54 1366 172 1439 quondo
186 1365 383 1423 crediderunt.
397 1390 411 1418 «
424 1366 507 1423 Sicut
523 1383 624 1424 servus
636 1367 796 1436 meusJob,
810 1389 823 1416 s
834 1367 880 1423 in·
932 1382 1014 1422 ovem
1027 1375 1160 1436 uosmet
1176 1369 1308 1427 innurem
1321 1388 1440 1429 nursam
1454 1389 1554 1430 unam.
1566 1395 1581 1424 n
1592 1375 1672 1431 Licet
1682 1390 1756 1433 cun·

53 1456 129 1527 quit,
147 1454 282 1512 videlicet
297 1458 367 1512 dum
393 1457 617 1530 interpositione
640 1456 792 1514 servitutis
811 1474 878 1513 eum
931 1461 979 1513 cte
994 1457 1053 1515 bec
1064 1460 1149 1530 juxte
1163 1459 1318 1519 historiam
1344 1463 1486 1520 vereciter
1499 1464 1578 1521 dicte
1594 1465 1666 1534 sint,
1682 1466 1756 1539 ipsis

52 1545 136 1614 quasi
152 1545 208 1601 snb
225 1548 351 1616 quedem
368 1547 569 1617 peculiaritate
585 1552 879 1615 commemoretcun·
931 1553 1027 1603 temen
1044 1549 1216 1606 muneribus
1230 1551 1483 1623 quoeobletasunt
1496 1553 1756 1626 cogimuradatls·

49 1643 99 1694 cta
110 1654 175 1709 que
189 1653 256 1693 cum
268 1636 438 1694 detonsione
452 1655 506 1694 sua
517 1638 700 1702 dixeret,non
711 1639 877 1695 contumaci
929 1635 1015 1706 gone
1035 1636 1219 1709 mysterium.
1240 1661 1253 1692 a:
1267 1640 1400 1706 Addidit,
1416 1662 1431 1692 »
1459 1641 1568 1713 inquil,
1581 1666 1596 1695 (ί
1610 1643 1755 1703 ὓῦωίὓΰῠ

50 1728 188 1796 superbis
204 1728 253 1783 sed
266 1727 435 1785 bumilitate
450 1728 559 1784 dixisse
574 1730 756 1801 comprobet.
767 1729 875 1785 Deinde
891 1746 915 1812 B
929 1723 1029 1778 omnis
1043 1739 1226 1799 ttuaecunque
1250 1727 1368 1783 suerunt
1392 1728 1446 1784 lob
1475 1728 1616 1801 (ἱΰΡΙίοῑΙ.
1633 1753 1647 1782 e
1663 1732 1693 1789 id
1708 1739 1755 1790 θεῖ

50 1816 240 1887 amicosque
253 1823 281 1872 er
293 1833 342 1889 per
351 1817 497 1886 justitiam
511 1818 641 1873 districte
653 1820 876 1889 redarguerem
929 1816 1037 1868 sancte
1053 1813 1198 1881 sceleste,
1214 1833 1278 1888 qus
1292 1833 1358 1872 cum
1373 1818 1469 1890 cepere
1484 1835 1539 1874 suo
1554 1836 1613 1877 uns
1629 1837 1755 1893 persons

52 1923 105 1979 per
121 1905 351 1961 misericordiam
369 1905 494 1976 benigue
509 1911 695 1962 convertens.
928 1905 1066 1965 cst,nunc
1077 1902 1405 1976 solasgeetssbabeuti,
1417 1907 1446 1963 in
1459 1908 1516 1964 line
1536 1909 1754 1982 munditomnis
1863 1943 1866 1947 ·
1883 1935 1887 1943 ·

88 1998 175 2051 Vens.
187 1997 214 2053 8.
232 2026 264 2037 -
290 1994 436 2064 «Sumite,
453 2017 468 2044 n
492 1995 596 2067 inquit,
622 2019 636 2046 n
653 1995 735 2052 vobis
763 1998 874 2067 septem
929 1991 1753 2069 queinrenteiueritludsuconsentiet,velcertesenctos

51 2093 162 2148 tauros.
177 2108 187 2133 ι
205 2089 261 2139 etc.
275 2085 441 2140 Notandum
457 2085 534 2156 quod
545 2084 742 2142 conversionis
757 2101 818 2142 sues
829 2101 875 2140 se·
929 2081 1065 2137 Ecclesise
1075 2082 1105 2137 in
1117 2083 1234 2141 lluesuo
1250 2085 1373 2158 duplum
1390 2086 1575 2159 recipere,est
1586 2090 1614 2144 in
1626 2089 1753 2162 singulis

51 2175 194 2231 orificium
212 2174 329 2230 Domino
345 2192 402 2230 non
420 2191 471 2246 per
483 2175 577 2238 se,sed
595 2191 646 2246 per
657 2173 724 2240 lob,
733 2175 877 2246 jubentur
928 2171 1012 2227 nobis
1024 2176 1053 2227 et
1067 2173 1104 2227 ds
1121 2173 1300 2231 beatitudine
1315 2175 1431 2247 enims,
1445 2179 1525 2234 etde
1539 2178 1637 2236 cernis
1657 2178 1754 2237 iocor·

50 2265 165 2335 offerre,
182 2266 251 2336 quie
264 2264 397 2320 videlicet
411 2264 549 2329 heretici,
562 2281 686 2336 qnorum
703 2265 831 2337 speciem
841 2264 877 2319 il·
930 2261 1063 2329 ruptione
1078 2263 1298 2331 paudere-Unde
1308 2266 1449 2338 scriptum
1465 2271 1510 2323 set
1521 2283 1528 2322 :
1541 2290 1555 2318 c
1565 2268 1596 2324 ln
1613 2273 1691 2325 terra
1701 2285 1755 2326 sua

50 2352 95 2409 los
111 2360 208 2410 tenere
224 2371 299 2425 sepe
310 2355 371 2425 jem
389 2352 499 2410 dictum
517 2361 572 2419 est,
589 2370 655 2409 cum
671 2355 708 2410 eb
722 2368 820 2408 errore
836 2367 878 2406 re-
929 2349 1057 2419 duplicie
1072 2352 1264 2421 possidebunt
1282 2353 1346 2423 (lto.
1363 2360 1431 2423 err),
1450 2377 1464 2404 n
1480 2356 1550 2426 quie
1574 2357 1711 2415 videlicet
1723 2357 1753 2415 in

49 2443 248 2503 deunt.Deum
264 2445 321 2499 sibi
333 2443 447 2516 plecers
460 2461 515 2499 non
535 2442 726 2516 possunt,oi'si
741 2442 876 2514 precibus
930 2438 987 2494 llos
1003 2442 1104 2496 mundi
1121 2441 1206 2497 binos
1221 2442 1314 2499 stolas
1337 2443 1466 2501 babituri
1484 2453 1565 2511 sunt,
1582 2445 1669 2503 idest
1685 2464 1754 2504 cum

48 2531 202 2590 cetbolice
221 2533 455 2606 licclesieqnum
473 2533 578 2589 beetus
591 2532 647 2587 tob
663 2531 874 2601 significatos·
929 2528 1039 2585 mentis
1055 2531 1234 2587 beatitudine
1249 2533 1335 2588 etiem
1365 2534 1464 2590 carnis
1479 2533 1602 2603 gloriam
1619 2536 1754 2607 posside·

49 2621 140 2679 lutem
154 2640 237 2679 suem
250 2623 411 2690 obtineant,
428 2623 513 2689 cujus
526 2622 612 2677 tidem
626 2621 770 2692 perversis
781 2635 875 2674 esser·
929 2616 1081 2672 suntsed
1098 2635 1132 2673 cs
1147 2636 1211 2690 qnee
1227 2622 1358 2676 eubnsxe
1374 2628 1454 2688 eunt,
1471 2625 1499 2678 in
1516 2624 1574 2678 tine
1589 2626 1681 2690 meris
1697 2625 1755 2680 bu-

49 2713 180 2768 tionibus
202 2713 425 2784 impugnabant.
436 2711 585 2783 «Septem,
595 2733 608 2760 e
627 2709 735 2782 inquit,
753 2718 876 2765 «tauros
925 2703 977 2775 jus
988 2704 1086 2759 seculi
1100 2708 1319 2763 conversionem
1330 2708 1444 2764 Judeici
1458 2709 1557 2781 populi
1570 2712 1705 2767 nuntiare
1716 2717 1757 2768 te·

49 2807 79 2857 et
91 2809 203 2871 septem
217 2804 321 2858 erictss
332 2802 452 2866 sumite,
467 2801 514 2854 rid
527 2800 630 2871 estqui
642 2801 764 2854 tnurine
777 2799 876 2853 inistis
930 2799 1056 2848 stentur.
1071 2817 1082 2843 ι
1098 2793 1248 2851 Venerunt
1258 2804 1367 2861 autem,
1378 2819 1391 2846 n
1405 2797 1432 2851 id
1446 2804 1490 2852 est
1501 2801 1617 2854 volitent
1627 2801 1663 2854 sd
1673 2816 1756 2865 eum,

49 2907 107 2961 sup
117 2892 237 2957 erbiset
250 2892 397 2956 arietes,id
411 2898 587 2963 estpregom
600 2889 875 2945 diversorumerre·
929 2883 1085 2949 credendo,
1100 2908 1110 2932 ι
1127 2900 1230 2940 omnes
1244 2890 1348 2941 iratres
1359 2886 1416 2951 sui,
1432 2908 1447 2936 »
1463 2887 1490 2942 id
1507 2893 1552 2943 est
1566 2893 1710 2959 quotquot
1720 2904 1756 2944 ex

51 2980 97 3036 nei
114 2980 380 3052 duces.septil'ormi
396 2979 517 3051 Spiritui
531 2995 582 3033 vos
605 2978 685 3050 ipsos
711 2975 875 3043 humiliate,
929 2970 1012 3046 plebe
1026 2972 1150 3030 Judeice
1165 2975 1272 3029 suerint
1287 2974 1436 3036 iuventte
1454 2976 1569 3040 l'retres,
1586 2997 1601 3025 n
1617 2978 1754 3049 iuquem,

52 3090 66 3120 a
81 3069 135 3124 lob
155 3074 252 3124 eutem
270 3086 371 3125 servus
385 3085 469 3124 meus
484 3068 580 3123 orebit
594 3084 644 3137 pro
658 3066 752 3132 vobis,
770 3065 872 3121 ieciem
888 3100 910 3167 c
929 3086 942 3114 α
960 3063 1018 3133 sui,
1034 3072 1062 3121 et
1085 3066 1227 3121 universos
1251 3081 1406 3133 sorores·
1426 3065 1455 3121 id
1471 3072 1516 3123 est
1531 3067 1573 3123 rel
1599 3069 1650 3139 qul
1666 3067 1755 3124 fortes

50 3158 115 3228 ejus
131 3158 303 3231 suscipiam,
320 3164 352 3214 ut
368 3174 424 3213 non
437 3158 519 3213 vobis
532 3156 696 3227 imputetur
710 3155 873 3211 stultitia.»
930 3154 1021 3211 loturi
1037 3159 1107 3211 suut
1121 3154 1201 3210 velut
1214 3156 1328 3220 iratres,
1344 3155 1387 3212 vel
1404 3154 1514 3212 intirmi
1529 3155 1610 3213 solut
1624 3172 1752 3228 sorores,

50 3248 92 3303 Ac
107 3247 130 3302 si
146 3255 245 3317 aperte
260 3248 404 3305 hereticis
419 3248 515 3306 dicat:
539 3245 689 3303 Sacrillcie
704 3251 802 3301 vestra
816 3260 874 3300 non
929 3265 945 3295 s
959 3250 987 3299 et
1001 3244 1099 3300 cuncti
1115 3245 1166 3316 qul
1182 3249 1322 3300 noverunt
1343 3260 1411 3301 eum
1428 3245 1520 3316 prius,
1544 3266 1559 3296 n
1575 3244 1687 3303 scilicet
1702 3262 1754 3318 pst·

49 3336 204 3409 accipiam,
218 3337 390 3408 petitionum
402 3343 565 3395 vestrarum
576 3335 665 3391 verbe
675 3350 733 3390 uon
744 3334 875 3400 sudism,
927 3331 1001 3405 legis
1016 3337 1044 3387 et
1057 3333 1265 3404 prophetarum
1278 3333 1425 3400 notitiem,
1435 3350 1524 3406 quem
1536 3334 1679 3403 pensionis
1693 3351 1756 3393 sus

50 3425 106 3481 nisi
125 3443 174 3497 per
189 3427 428 3485 intercessionem
440 3425 674 3492 Ecclesiequ'us
686 3421 875 3495 professionis
930 3430 1059 3493 tempore
1073 3421 1145 3476 dum
1162 3420 1347 3492 despicerent
1361 3422 1584 3493 ignorebentdlt
1599 3424 1755 3480 comedent

49 3515 137 3570 verbe
146 3515 181 3571 de
197 3532 242 3571 me
254 3516 368 3572 verscie
380 3511 635 3587 recognoscosols
651 3511 758 3583 quippe
768 3515 814 3567 est
826 3526 876 3582 per
928 3526 996 3566 cum
1011 3526 1045 3565 eo
1061 3525 1164 3578 penem
1177 3508 1206 3565 in
1220 3511 1307 3566 domo
1319 3511 1395 3582 rjus,
1407 3511 1490 3567 idest
1501 3512 1531 3567 in
1543 3511 1754 3568 seuetedccle·

49 3618 138 3675 quem
155 3603 330 3660 secriilcium
349 3603 426 3659 Deus
442 3604 566 3658 libenter
580 3600 716 3672 occipiat.
732 3600 795 3654 sole
809 3615 873 3669 que
928 3597 1051 3669 sieque
1066 3598 1173 3652 domus
1185 3600 1231 3653 eet
1245 3597 1403 3669 eiusdemi
1415 3598 1520 3669 eloquii
1535 3600 1617 3671 irogs
1630 3615 1755 3671 psscen·

50 3708 102 3764 pro
115 3693 281 3748 errantibus
292 3691 466 3748 llducieliter
476 3690 640 3747 intercedat
651 3687 810 3759 ;sote,inqu
822 3703 872 3753 rm,
928 3690 1017 3751 tur,et
1032 3685 1189 3739 movebunt
1200 3701 1289 3758 super
1303 3701 1370 3741 eum
1383 3692 1481 3758 ceput,
1492 3687 1522 3742 id
1533 3693 1578 3744 est
1593 3687 1755 3760 principale

49 3782 156 3837 domus
171 3783 258 3842 estin
274 3799 331 3854 que
346 3799 411 3837 vere
437 3781 532 3836 hostie
549 3778 751 3848 Redemptoris
767 3776 872 3831 immo·
928 3773 1005 3847 quod
1017 3778 1062 3828 est
1073 3789 1156 3828 meus
1167 3790 1218 3845 per
1233 3776 1419 3831 formidinem
1433 3775 1565 3832 veritatis
1578 3778 1614 3832 eb
1624 3775 1753 3833 insensi-

47 3869 136 3935 lsiur,
154 3870 231 3924 sicut
242 3870 277 3924 de
293 3872 358 3936 ugni
376 3871 471 3925 hostie
483 3886 533 3938 per
545 3869 659 3940 tlnpsen
675 3864 873 3923 dreitur:«1n
929 3863 1041 3919 bilitete
1057 3879 1110 3918 sue
1128 3861 1265 3934 pelletur.
1283 3864 1316 3920 ut
1330 3864 1561 3921 consolabuntur
1576 3882 1643 3921 eum
1662 3882 1753 3937 super

50 3975 109 4014 une
126 3960 212 4013 domo
221 3961 461 4024 comedetur,nec
471 3959 596 4016 elloretis
608 3959 643 4013 dc
659 3957 798 4013 carnibus
810 3957 874 4025 eJ‘us
928 3954 1008 4009 omni
1020 3952 1096 4008 melo
1107 3953 1183 4023 quod
1197 3954 1333 4009 intulerat
1346 3954 1488 4010 [lominus
1499 3971 1587 4024 super
1597 3956 1754 4012 summon-

48 4046 127 4100 lores
142 4046 238 4115 (Exod,
254 4048 316 4117 χιι),
336 4069 348 4096 n
369 4078 404 4088 -
418 4071 431 4097 «ι
449 4046 559 4111 Orslrit,
579 4069 589 4094 ι
606 4044 714 4116 iuquit,
731 4065 745 4094 a
762 4062 813 4117 prn
824 4061 873 4098 vo·
929 4043 1114 4109 sotebuntur,
1130 4040 1435 4113 inquam,sclticetille
1451 4045 1651 4100 consoletlone
1662 4061 1753 4117 quem

48 4133 106 4188 bis.
124 4134 252 4206 »licque
268 4136 344 4192 eninr
359 4159 373 4188 «
391 4135 479 4191 locuti
496 4137 567 4190 estis
583 4150 681 4191 curem
699 4150 746 4190 me
762 4140 872 4189 rectum
929 4131 958 4185 in
976 4131 1111 4203 passione
1126 4146 1181 4186 sue
1196 4147 1251 4185 non
1264 4130 1415 4187 inveniens
1429 4148 1436 4187 :
1449 4131 1678 4189 «Consolmrem
1695 4149 1753 4194 ms,

49 4224 240 4280 sicutservus
270 4241 353 4281 meus
380 4224 571 4288 lob.»0uod
602 4221 691 4279 semel
716 4222 873 4279 indicendo
929 4221 1752 4296 inquit.anesisi,etnoninveni.rCrinsoleticquipps

49 4310 171 4375 dixerat,
183 4312 288 4367 iterum
302 4312 469 4385 replicendo
481 4314 726 4383 conlirmet,quia
738 4310 875 4367 videlicet
928 4326 1035 4382 meges
1049 4316 1094 4366 est
1110 4310 1277 4382 predicanti
1291 4311 1476 4383 subsequens
1487 4312 1753 4383 proiectusauditc·

48 4399 191 4471 quidquid
207 4402 234 4456 ln
250 4401 365 4475 eloquio
380 4402 479 4458 divino
492 4401 873 4475 repetitus-,robustiuscan-
928 4396 979 4453 ris.
995 4403 1031 4454 st
1045 4398 1158 4454 debunt
1172 4399 1197 4454 ei
1223 4401 1428 4472 uuusquisque
1452 4416 1534 4456 ovem
1551 4415 1651 4468 unam,
1667 4399 1754 4457 idest

48 4489 197 4545 firmetur.
888 4467 912 4533 Ῑ)
927 4487 1144 4544 ioclioebuntei
1155 4489 1343 4544 innocentem
1353 4490 1752 4556 vitam,etineurcmeureeru

86 4578 160 4636 Vens
187 4583 214 4637 e.
232 4613 264 4624 -
293 4582 462 4640 ‹Abierunt
489 4598 559 4656 crgo
586 4578 874 4653 Dltpurs’luemaui·
929 4592 1030 4646 uuerrr,
1046 4578 1135 4635 idest
1150 4576 1307 4649 pretiosam
1331 4578 1480 4648 virtutem,
1497 4579 1693 4637 obedientiam
1709 4580 1751 4638 De

48 4674 104 4731 tes,
117 4691 130 4717 »
143 4675 198 4727 stc.
212 4671 320 4727 llorum
335 4673 535 4743 interpretatio
546 4672 701 4727 nominum
714 4670 743 4724 in
754 4668 873 4725 exordio
928 4683 985 4740 que
997 4667 1114 4723 Semuel
1128 4684 1161 4723 ια
1174 4666 1277 4725 Melior
1285 4672 1340 4738 est,
1356 4667 1462 4739 inquit,
1479 4669 1745 4742 obedientiequam

48 4757 172 4813 disserte
184 4764 237 4816 est.
254 4784 268 4810 α
288 4760 319 4815 lit
335 4762 466 4832 suscepit
481 4761 624 4817 Dominus
635 4758 749 4827 leciem,
762 4780 777 4808 »
788 4758 817 4814 id
829 4762 874 4813 est
927 4755 1050 4811 victime
1060 4757 1083 4828 (t
1099 4757 1162 4828 deq.
1173 4758 1228 4828 ss).
1242 4757 1301 4812 »lit
1312 4758 1472 4814 notsrmum
1482 4759 1561 4831 quod
1572 4775 1639 4815 cum
1652 4758 1753 4816 insurc

48 4846 201 4904 charitatis
213 4849 414 4916 intentionem,
427 4875 440 4899 n
452 4851 518 4906 an.
533 4872 546 4899 n
559 4852 592 4905 Et
602 4849 669 4920 quie
681 4848 817 4921 quisquis
827 4847 874 4902 in·
927 4845 1000 4910 osis,
1012 4860 1079 4901 cum
1095 4860 1147 4901 ovs
1161 4845 1282 4901 otientur
1296 4844 1419 4914 inseris,
1430 4846 1501 4919 quic
1516 4846 1655 4904 nimirum
1672 4848 1752 4903 inno·

48 4939 196 4993 terceders
214 4956 263 5008 pro
279 4941 344 4996 eliis
361 4940 474 5008 nititur,
490 4939 546 4994 sibi
564 4937 662 5009 potius
678 4954 712 4993 er
725 4937 790 5007 ipse
804 4936 873 4992 cbe—
927 4934 991 4990 cuis
1003 4933 1363 4991 mentibusornamentum
1374 4951 1491 5008 semper
1502 4936 1751 5007 obedientiojuu·

48 5027 134 5082 ritete
150 5027 335 5101 suffragetur,
352 5036 428 5084 recte
444 5029 602 5084 subditur:
927 5023 1016 5096 gitur,
1028 5023 1113 5092 juxta
1125 5021 1218 5078 illud:
1234 5043 1249 5070 e
1266 5026 1340 5080 Oves
1362 5039 1432 5080 mee
1462 5041 1560 5081 vocem
1586 5041 1682 5082 meam
1699 5042 1754 5083 su-

83 5115 172 5173 Vrns.
188 5117 230 5172 10.
248 5149 283 5159 -
298 5139 310 5169 r
328 5118 471 5175 Dominus
482 5133 597 5190 quoqne
609 5131 766 5173 conversus
781 5121 823 5170 est
837 5114 872 5169 ad
928 5112 1012 5169 diunt
1026 5111 1115 5184 (teins.
1132 5111 1169 5181 x).
1187 5132 1202 5161 e

45 5206 249 5279 prenitsuliem
266 5207 333 5267 lob,
345 5224 411 5263 curn
425 5215 521 5263 ureret
532 5206 581 5262 ille
595 5222 646 5278 pro
659 5204 762 5261 emicis
776 5204 872 5270 sus,-
964 5200 1051 5259 Vses.
1068 5202 1112 5256 ¹2.
1128 5224 1186 5250 -ι
1205 5202 1236 5257 lit
1248 5202 1324 5259 lactc
1335 5206 1404 5259 sunt
1415 5203 1441 5260 ei
1451 5206 1673 5275 quatuordecim
1685 5204 1752 5261 mil·

45 5294 74 5352 id
91 5298 146 5359 est,
164 5298 251 5349 etiem
269 5311 319 5366 pro
336 5295 495 5365 semetipso
523 5296 667 5365 pmniteus
688 5297 769 5346 tento
786 5292 873 5347 citius
928 5291 967 5347 lie
982 5291 1091 5355 ovium,
1110 5312 1124 5339 n
1139 5294 1193 5346 etc.
1217 5296 1292 5346 Dum
1309 5292 1416 5349 dicitur
1428 5311 1460 5349 :e
1477 5295 1596 5351 Addidit
1610 5293 1752 5350 Dominus

43 5381 177 5439 exaudiri
195 5387 427 5454 meruit‚quanto
438 5383 541 5438 devote
553 5396 605 5453 pro
616 5379 872 5436 eliisintercessit.
928 5397 994 5453 quse
1009 5382 1124 5435 luerent
1136 5379 1190 5434 tob
1214 5378 1344 5452 duplicia
1367 5383 1402 5452 (c.
1419 5383 1476 5455 10),
1492 5405 1507 5434 o
1522 5386 1558 5439 de
1571 5380 1752 5439 enimalibus

44 5470 80 5528 Et
96 5475 240 5542 quentum
258 5486 308 5540 pro
324 5487 355 5526 se
369 5470 545 5527 obstinuerlt
560 5472 637 5529 illico
654 5472 875 5529 demonstratur
928 5467 1290 5540 pelemquidemestquod
1302 5469 1452 5540 dupliceta
1463 5472 1623 5528 tessine:
1636 5467 1752 5526 dcliliis

45 5576 115 5616 oure
143 5559 296 5615 subditur:
314 5581 327 5609 α
343 5565 380 5616 lit
407 5560 518 5615 eddidit
534 5559 675 5617 Dominus
691 5575 874 5634 quecunque
928 5556 1271 5629 uuteuiquoddupliciter
1282 5559 1430 5614 addiderit
1443 5560 1693 5633 sicconstst,quie
1704 5560 1751 5614 de·

189 5689 327 5754 Parnon.
350 5688 506 5751 ctxvllt.
1591 5688 1633 5747 38
