3826 6014
16 304 22 315 ,
114 238 175 302 259
680 232 853 297 RUPER'l'l
875 231 1041 293 tuusrts
1064 230 1287 294 'tutuluusts
1761 231 1821 294 260

117 374 222 431 deinde
246 375 282 431 de
306 371 497 442 Hierusalem,
521 388 584 445 qua
595 370 824 441 nnaeademqoe
836 366 938 424 civitas
953 366 980 433 Α
995 366 1096 438 quitor
1121 382 1189 438 ergo
1214 383 1222 422 r
1239 390 1248 416 ι
1266 369 1331 422 Haeo
1346 364 1419 421 dicit
1432 363 1574 421 Dominus
1591 367 1704 436 :Super
1718 366 1815 423 tribus

116 468 171 531 est,
182 486 197 515 e
209 463 393 521 dabitvooem
405 477 501 528 suam,
512 482 526 512 v
542 461 624 517 idest
639 460 750 516 emittet
764 456 944 530 praedieatio-
994 456 1342 524 sceleribusDamasci,et
1353 470 1442 525 super
1452 460 1817 526 quatuornoooonvertsm

116 554 184 612 nam
199 553 409 625 evangelicam,
426 551 545 624 quodet
556 551 617 608 lieri
632 555 765 623 oportere
780 547 942 605 secundom
993 561 1073 613 eum,
1088 562 1121 602 eo
1138 546 1215 618 qued
1237 544 1418 602 trituraverit
1440 544 1471 600 in
1491 543 1631 616 plaustris
1643 546 1743 602 terreis
1760 550 1819 604 Ga-

114 642 352 714 Scripturasipse
363 640 582 699 testatusestt«
592 639 734 705 Quoniam
748 638 790 695 sic
799 635 943 708 scriptum
994 634 1071 691 laad.
1090 656 1103 685 n
1119 636 1185 692 Hac
1196 638 1241 691 est
1250 633 1385 691 contritio
1400 639 1519 701 aterna,
1536 634 1669 691 contritio
1681 634 1819 706 spiritua·

115 736 170 800 est,
185 735 212 788 et
229 732 271 789 sic
287 731 440 804 oportebat
454 730 603 787 Christum
620 730 692 803 pati,
713 732 742 786 et
759 741 912 799 resurgere
928 739 945 778 a
992 723 1040 792 lis,
1052 725 1082 781 in
1098 742 1132 781 eo
1143 725 1219 798 qued
1230 723 1310 794 dicit,
1322 746 1335 775 n
1347 723 1410 780 Non
1426 727 1680 780 convertameum.
1699 747 1713 774 »
1724 726 1816 790 Quem

116 820 242 877 mortuis
257 819 409 887 tertiadie,
426 824 454 875 et
469 819 624 889 predicare
634 819 662 874 in
678 818 797 873 nomine
811 815 875 886 ejus
887 828 946 883 poe·
992 813 1070 871 enim
1087 814 1159 871 dicit
1173 831 1252 885 eum,
1272 813 1330 870 nisi
1342 812 1478 870 verticem
1494 811 1663 880 Carmeli,id
1680 817 1724 869 est
1741 814 1819 869 sicut

115 909 272 968 nitentium
298 915 326 967 et
355 909 560 966 remissionem
590 912 775 981 peccatorum
793 903 823 961 in
839 917 942 960 omnes
989 904 1052 976 iam
1066 903 1206 973 diximus,
1233 901 1541 975 superbinmscientiae
1568 901 1815 970 circumcisionis,

115 1004 229 1073 gentes,
252 998 462 1071 incipientibus
483 996 519 1053 ab
535 994 716 1053 Hierusalem
728 997 803 1064 (Luc.
819 991 909 1063 xxm).
925 1010 940 1041 »
993 994 1079 1066 ouius
1092 992 1143 1049 illa
1157 993 1304 1067 generatio
1320 995 1417 1050 vertex
1432 990 1552 1065 quidam
1568 992 1820 1063 exstitit,nemqoe

114 1089 190 1154 Quid
205 1089 311 1146 deinde
327 1088 443 1145 miseris
458 1089 632 1144 eventurum
647 1088 710 1141 erat
721 1079 943 1140 iudeisiNimi·
993 1098 1061 1140 cum
1077 1083 1148 1139 dicit
1164 1099 1171 1139 ε
1190 1104 1202 1136 ι
1218 1082 1280 1139 Non
1296 1087 1463 1139 convertam
1477 1098 1557 1151 eum,
1570 1103 1585 1133 s
1597 1098 1656 1139 non
1674 1081 1740 1138 licet
1751 1082 1821 1138 aab·

115 1193 181 1235 rum
196 1171 941 1251 geminummalum,duplexcontritio:aliatempo
993 1173 1095 1230 audire
1108 1172 1296 1240 Damascum,
1311 1187 1378 1228 com
1392 1176 1554 1229 Dumnacus
1574 1169 1613 1227 sit
1623 1170 1758 1228 seminini
1769 1187 1819 1243 ge-

114 1273 515 1350 ratis,altaaterna,sivcalia
524 1267 940 1347 corporalis,aliaspiritualis.
994 1271 1085 1340 neris,
1099 1272 1177 1328 sicut
1188 1275 1217 1328 et
1226 1286 1294 1328 cum
1305 1271 1442 1339 dicitur,«
1455 1287 1545 1345 super
1554 1269 1648 1327 tribus
1660 1269 1820 1327 sceleribus

114 1370 155 1424 De
182 1365 337 1438 temporali
365 1365 425 1422 sive
454 1361 609 1437 corporali,
634 1384 649 1414 «
672 1366 701 1419 et
716 1360 855 1418 luxerunt
871 1373 939 1428 spe·
994 1359 1088 1432 Gaze,
1103 1366 1132 1418 et
1146 1377 1236 1435 super
1250 1364 1376 1434 quatuor
1388 1377 1444 1418 non
1461 1370 1629 1418 convertam
1645 1377 1712 1417 eum
1726 1384 1736 1410 ι
1749 1377 1819 1430 ,non

114 1453 282 1512 elusam
297 1458 460 1527 pastorum,
478 1475 492 1503 »
510 1451 613 1524 inquit.
632 1450 672 1507 lle
689 1445 943 1518 atarnasivcspi-
993 1451 1062 1509 licet
1076 1450 1177 1508 reterri
1192 1451 1228 1506 ad
1244 1451 1365 1521 Gazam,
1387 1467 1452 1507 cum
1478 1449 1553 1508 Gaza
1574 1466 1682 1506 nemen
1693 1448 1820 1505 civitatis

112 1545 224 1611 rituali,
236 1567 251 1596 a
265 1549 293 1601 et
305 1543 468 1600 exsiccatos
477 1539 647 1613 est,inquit,
655 1543 755 1597 vertex
770 1536 906 1595 Carmeli.
925 1556 939 1585 u
994 1544 1022 1598 ct
1037 1539 1156 1596 feminei
1179 1539 1219 1596 sit
1246 1539 1374 1613 generis,
1393 1543 1422 1597 et
1436 1539 1514 1597 siout
1524 1555 1587 1595 cum
1602 1538 1721 1595 dieitur.
1735 1561 1749 1589 «
1767 1555 1820 1594 su·

114 1635 182 1701 Qua
197 1632 275 1689 enim
292 1632 335 1689 vel
352 1647 476 1704 quorum
493 1625 940 1702 speciosepastorumlnxerunt.
994 1647 1047 1703 per
1062 1627 1460 1687 tribussceleribustlliorom
1471 1630 1819 1700 Ammcuetsuperqua·

113 1726 143 1780 et
156 1722 302 1794 quomodo
317 1719 480 1776 luxerunt?
496 1719 602 1791 Utique
619 1718 752 1789 speciosa
771 1715 875 1772 civitas
889 1712 940 1771 illa
954 1743 978 1812 B
994 1725 1061 1778 tuor
1075 1737 1134 1777 non
1147 1725 1314 1777 convertam
1334 1735 1412 1790 eum,
1430 1741 1444 1770 »
1456 1735 1514 1775 non
1530 1719 1666 1775 convenit
1680 1715 1816 1789 singula·

112 1809 291 1879 Jerusalem,
315 1827 379 1882 qua
403 1814 432 1866 et
451 1808 608 1881 prophetas
624 1811 652 1864 et
666 1807 764 1879 ipsum
780 1803 938 1860 Dominum
991 1810 1064 1867 riter
1078 1826 1144 1868 eum
1161 1809 1263 1867 reterri
1278 1809 1313 1865 ad
1330 1807 1527 1882 pluralitatem
1542 1807 1669 1864 filiorum
1681 1811 1817 1862 Ammon.

112 1901 323 1973 prophetarum
335 1898 452 1963 occidit,
469 1903 497 1954 el
511 1903 670 1969 augustum
683 1896 712 1950 in
726 1911 760 1950 θα
780 1892 937 1965 templum,
990 1900 1083 1974 lgitur
1096 1915 1179 1955 «non
1198 1902 1364 1955 convertam
1381 1913 1448 1955 cum
1464 1919 1478 1948 n
1491 1913 1557 1952 cum
1574 1895 1654 1960 dicit,
1664 1894 1821 1951 subaudiri

113 2007 171 2064 quo
185 1990 260 2046 nihil
284 1990 315 2045 in
334 1990 404 2045 orbe
419 1988 475 2044 tuit
490 1987 658 2059 augustias,
674 1992 743 2056 etc,
758 1996 938 2056 quacunque
991 2003 1111 2045 necesse
1136 1993 1182 2045 est
1209 1986 1387 2057 Carmelum,
1410 1987 1470 2043 sive
1480 1986 1618 2043 verticem
1633 1983 1769 2053 caruisti,
1787 1984 1818 2039 id

111 2076 508 2152 Epeuiosusivedelcclabllia
517 2079 671 2148 potuerunt
686 2072 794 2129 habere
804 2076 938 2144 pastores
989 2081 1037 2135 eet
1051 2075 1193 2151 populum
1214 2076 1372 2133 Judaioum
1392 2075 1613 2144 0ireumeiaum,
1630 2074 1817 2145 maximeque

109 2168 154 2225 illl
172 2169 249 2240 falsi,
267 2167 378 2225 scillcet
392 2166 499 2222 Scrlbae
514 2173 541 2222 ei
556 2164 760 2236 Pherisaei.qut
776 2179 807 2219 su
822 2162 940 2234 profile·
989 2165 1081 2235 illa‘n,
1098 2183 1163 2238 quae
1177 2166 1335 2223 Dominum
1349 2165 1493 2223 orueiflxit
1508 2164 1726 2237 generationem
1738 2164 1818 2233 ejus·

109 2257 221 2315 bantur
245 2274 310 2314 esse
338 2261 482 2328 pastores,
508 2271 574 2311 cum
604 2257 703 2310 essent
727 2252 787 2322 lupi
804 2265 935 2323 rapaces·
990 2252 1818 2329 dempopuli,cujusscntentiadenotatnrreprehensibi-

110 2349 263 2405 Luxeruot
292 2347 373 2402 luctu
396 2343 611 2410 inconsolabili,
641 2341 895 2399 circumdantibus
908 2344 938 2397 et
990 2346 1073 2402 lisex
1095 2346 1345 2417 interpretatione,
1361 2349 1395 2400 ut
1410 2345 1472 2415 jam
1489 2344 1668 2411 dictumest,
1686 2341 1814 2398 nominis

111 2437 299 2494 vastantibus
313 2438 420 2491 cuncta
435 2433 586 2501 Romanis,
608 2430 718 2505 quibus
738 2429 937 2497 vincentibus,
989 2433 1124 2492 Carmeli.
1140 2438 1240 2507 Neque
1250 2433 1329 2489 enim
1345 2431 1447 2490 leviter
1461 2450 1494 2489 ao
1518 2433 1582 2490 sine
1598 2449 1711 2504 magnae
1736 2430 1815 2487 indi·

109 2523 560 2600 quicunqueexludaeisgladio,
577 2521 657 2591 lami,
670 2525 698 2578 et
711 2520 772 2593 igni
783 2535 938 2592 superesse
989 2523 1137 2596 gnationis
1166 2524 1294 2596 pondere
1325 2522 1377 2579 illa
1403 2522 1551 2594 generatio
1581 2521 1690 2578 dicitur
1717 2525 1816 2577 vertex

110 2619 280 2689 potuerunt,
310 2614 340 2669 in
370 2628 472 2669 omues
501 2616 603 2684 gentos
625 2608 735 2682 captivi
757 2607 936 2664 ductisunt.
989 2611 1124 2683 Carmeli,
1150 2611 1202 2668 sed
1230 2612 1332 2668 eodem
1361 2609 1476 2683 spirito,
1498 2609 1697 2667 eteodemira
1715 2613 1817 2682 quaet

109 2703 176 2761 Haec
190 2704 245 2760 init
258 2709 288 2760 et
298 2707 343 2759 est
354 2699 479 2758 contrito
491 2697 673 2772 temporalis,
689 2698 826 2754 contritio
838 2713 938 2768 corpo·
990 2700 1127 2758 diabolus
1155 2699 1211 2756 sub
1243 2699 1360 2755 nomine
1375 2700 1518 2773 principis
1532 2699 1610 2773 Tyri,
1626 2699 1656 2754 in
1672 2698 1816 2770 Propheta

109 2792 189 2849 ralis.
217 2791 288 2858 Quis
317 2807 404 2865 porro
420 2794 482 2845 orat
505 2788 666 2854 Carmelus,
683 2791 712 2843 et
729 2786 796 2857 quis
811 2781 937 2840 Carmeli
990 2793 1109 2862 prepter
1137 2787 1397 2860 presumptionem
1421 2788 1669 2845 scientiadicitur
1688 2787 1816 2854 Cherub,

110 2886 221 2951 vertex,
237 2885 265 2937 et
294 2878 443 2952 quomodo
469 2877 633 2934 exsiccatus
647 2885 689 2933 est
703 2876 717 2931 ‘i
733 2873 937 2945 Interpretatio
989 2879 1068 2951 quod
1084 2879 1294 2949 iuterpretatur
1304 2877 1591 2950 plenitudoscieutiae
1604 2895 1610 2933 :
1622 2901 1635 2929 a
1646 2877 1815 2949 Tu,inquit,

111 2969 241 3027 neminis
253 2969 377 3026 Carmeli
389 2968 514 3024 remoito
525 2966 630 3039 aperit,
643 2960 936 3035 interpretaturenim
989 2966 1175 3042 signaculum
1187 2966 1404 3037 similitudinis,
1421 2966 1523 3039 plenus
1538 2968 1694 3039 sapientia,
1709 2971 1738 3024 ei
1753 2983 1817 3039 pei.

111 3057 386 3117 Carmelusscientio
396 3057 630 3113 circumcisionis.
642 3055 717 3125 Ergo
727 3050 878 3110 Carmelus
890 3066 936 3105 se·
992 3058 1086 3115 iectus
1109 3060 1223 3129 decore,
1247 3058 1277 3113 in
1307 3057 1420 3114 deliciis
1443 3058 1573 3131 paradisi
1598 3058 1646 3115 uei
1664 3057 1746 3114 suisti
1763 3064 1813 3126 ,tu

112 3148 243 3205 eundum
272 3163 359 3203 suum
381 3160 488 3202 nomen
506 3139 935 3218 significatcircumcisionem,
992 3145 1108 3202 Cherub
1123 3149 1294 3201 extentuset
1304 3148 1469 3218 protegens,
1488 3149 1516 3201 et
1530 3147 1615 3217 posui
1631 3154 1657 3201 te
1672 3145 1701 3201 in
1717 3149 1815 3201 monte

113 3237 144 3294 ld
160 3233 543 3295 estludaismuscarnalem
561 3231 688 3288 multum
701 3229 732 3286 in
746 3247 800 3287 sua
812 3227 936 3285 scientia
989 3248 1088 3301 sancii,
1106 3244 1154 3299 Dei
1168 3242 1281 3315 (eiecti.
1298 3244 1409 3314 xxvia).
1426 3264 1441 3292 »
1453 3242 1520 3299 item
1538 3258 1544 3298 :
1566 3263 1577 3293 ι
1594 3247 1628 3298 ut
1643 3243 1717 3314 ejeci
1730 3246 1758 3297 te
1778 3242 1815 3298 de

111 3327 297 3401 gloriantem.
314 3325 418 3381 Vertsx
432 3324 567 3394 ejusdcm
578 3318 702 3377 Carmeli
717 3318 769 3376 illa
784 3319 839 3374 tuit
851 3333 935 3391 gene·
989 3338 1088 3390 monii,
1100 3332 1159 3402 005,
1181 3337 1209 3388 et
1232 3333 1345 3404 perdid,
1361 3337 1389 3388 i,
1406 3375 1412 3400 ,
1429 3348 1445 3388 0
1460 3332 1574 3390 efflui,
1591 3337 1759 3406 ppoiegen,
1776 3330 1814 3387 d,

110 3416 194 3487 ratio,
210 3433 275 3489 quaa
290 3413 468 3472 Salvatorem
483 3411 638 3477 crucifixit,
651 3408 822 3482 «generatio
837 3407 933 3479 cujus,
990 3422 1086 3478 medio
1109 3420 1241 3494 lapidum
1257 3421 1416 3494 ignitorum
1433 3421 1539 3493 (wip).
1557 3443 1569 3474 ,
1588 3421 1679 3478 Homo
1695 3436 1814 3494 quoque

110 3510 143 3563 Ul
156 3505 329 3576 sapientiam
345 3503 429 3570 dicii»
443 3494 934 3569 emisititul0⁰1¹¹lsell³l³¹llebli³
988 3511 1035 3569 cui
1049 3513 1196 3583 persuasit
1209 3512 1239 3566 in
1256 3511 1383 3584 pretium
1400 3512 1643 3584 transgressionis
1659 3511 1813 3568 scientiam

109 3595 140 3651 in
157 3594 247 3650 flium
265 3597 433 3649 mutim&
447 3593 537 3659 (Pm-
553 3587 632 3662 ffli·
649 3610 663 3638 '³
681 3587 732 3644 ¹¹¹³
747 3601 874 3658 namque
885 3601 934 3658 80·
988 3599 1161 3674 plenariam,
1181 3600 1305 3657 dicendo
1329 3617 1364 3656 2«
1382 3601 1415 3656 ut
1430 3601 1513 3658 eritis
1529 3601 1605 3657 sicut
1618 3600 1675 3669 Dii,
1687 3600 1814 3658 scientes

109 3684 220 3741 neratio
236 3681 480 3749 circumcisionis,
496 3694 645 3737 summum
662 3677 718 3734 sibi
734 3678 796 3734 visa
811 3680 855 3732 est
870 3691 934 3731 esse
987 3693 1097 3748 bonum
1119 3694 1149 3746 οι
1182 3689 1292 3747 maium
1321 3689 1397 3761 (gin,
1441 3693 1546 3762 mm),
1589 3707 1677 3763 supe,
1709 3693 1811 3746 ,odem

106 3773 153 3831 vel
169 3773 275 3830 hahere
290 3771 408 3829 culmen
420 3768 600 3837 scientialia
611 3770 680 3823 utet
694 3765 789 3822 claves
805 3764 933 3821 scientie
988 3781 1055 3836 ,pipo
1071 3780 1228 3836 demin,
1252 3780 1283 3836 in
1307 3778 1387 3852 ligno
1402 3779 1659 3852 pmvfflieaiifflm,
1673 3780 1743 3836 dum
1760 3796 1812 3851 pm

106 3870 213 3929 dixerit
227 3888 291 3929 eam
317 3870 459 3927 Dominus
486 3869 598 3925 tulisse.
615 3890 625 3916 ι
640 3871 698 3931 Vae,
715 3864 823 3936 inquit,
840 3864 932 3932 vobis,
986 3885 1020 3926 eo
1036 3868 1114 3940 qood
1129 3868 1247 3939 eccidit,
1263 3884 1370 3925 nomen
1385 3868 1495 3925 ironice
1510 3869 1652 3941 scriptum
1664 3867 1812 3940 estilli,ut

105 3960 176 4034 quia
185 3960 296 4019 tulistis
307 3957 548 4015 olavimscientia
562 3957 569 4011 t
586 3955 646 4028 lpei
659 3970 717 4010 non
731 3952 885 4020 introistis,
905 3959 933 4007 et
987 3956 1253 4029 dicereturtignum
1265 3956 1392 4012 scientim
1404 3957 1473 4013 boni
1484 3961 1513 4014 ei
1523 3956 1603 4014 mili,
1620 3958 1660 4013 lii
1668 3957 1809 4014 nimirum

105 4065 155 4108 eos
171 4050 222 4122 qui
234 4049 405 4116 introibant,
417 4045 608 4119 prohibuistis
622 4046 701 4114 (Luc.
717 4044 767 4114 ιι).
784 4063 799 4091 »
816 4041 934 4097 Talisst
986 4062 1038 4118 par
1052 4046 1188 4102 verticem
1203 4044 1339 4116 Carmeli,
1350 4047 1512 4103 secundum
1524 4046 1587 4118 iam
1599 4047 1707 4103 dictam
1718 4048 1810 4104 inter-

105 4143 205 4196 vorlex
227 4135 363 4203 Carmeli,
393 4139 458 4208 P⁰⁸i
482 4134 614 4206 rugitum
633 4130 748 4189 D⁰fflissl
766 4130 933 4186 deSlonel
985 4134 1177 4208 pretationem
1208 4133 1377 4193 terribiliter
1401 4135 1448 4192 hic
1477 4136 1610 4194 denotari
1633 4135 1813 4193 arbitramur

104 4244 207 4285 vocem
223 4227 290 4298 ejus
303 4226 339 4282 do
352 4223 534 4281 hierusalem
550 4222 715 4279 exsiccatus
732 4225 786 4285 esi,
804 4218 874 4291 tiulfi
888 4219 931 4275 vl·
986 4223 1155 4297 superbiam
1170 4222 1252 4280 iltius
1268 4223 1479 4298 generationis,
1491 4227 1552 4282 sive
1577 4224 1812 4284 circumcisionis

106 4317 212 4375 delicet
224 4320 331 4375 extunc
351 4316 387 4372 ab
407 4313 466 4370 illis
483 4312 602 4371 recessit
617 4311 716 4368 omnis
732 4326 780 4367 ros
796 4325 931 4381 superna
986 4313 1111 4371 nimium
1134 4313 1169 4370 ds
1189 4313 1313 4371 scientia
1327 4315 1533 4387 praeamantis
1545 4316 1629 4388 cujus
1643 4321 1724 4371 tanta
1739 4333 1812 4388 prs-

105 4406 217 4481 gmiie‚
228 4411 257 4464 et
267 4403 396 4462 nubibus
408 4403 470 4459 suis
478 4401 628 4458 mandavit
640 4399 841 4468 Dominus,ne
852 4397 933 4471 plue·
985 4403 1126 4473 sumptio,
1152 4405 1186 4459 ut
1206 4402 1356 4461 Christum
1372 4405 1510 4462 virtutem
1526 4410 1554 4462 et
1569 4406 1744 4477 sapientiam
1760 4405 1811 4463 Dei

107 4501 173 4554 rent
190 4512 278 4569 super
299 4511 350 4551 eoa
373 4492 510 4560 imbrem,
531 4491 600 4563 quia
616 4488 789 4561 repulerunt
802 4489 931 4544 Verbum
947 4475 969 4540 D
986 4498 1117 4567 speraret
1128 4509 1159 4550 se
1171 4492 1383 4552 circumvenire
1390 4512 1475 4569 posse
1484 4494 1652 4567 dolis,etite
1663 4495 1813 4552 exinanire

105 4584 170 4652 1³05·
181 4592 210 4641 θῑ
224 4584 361 4655 indign&
372 4581 619 4654 flejudlsstttflfflsst
632 4583 746 4635 aeletssae
763 4577 933 4649 imsuper
986 4583 1141 4642 eonsilium
1160 4582 1221 4653 Dei,
1238 4589 1270 4640 ut
1285 4583 1369 4641 illum
1386 4585 1436 4657 qui
1451 4585 1578 4643 venisset
1592 4586 1766 4643 benedictus
1781 4585 1812 4642 in

104 4673 189 4730 illum
218 4673 363 4738 verticem,
390 4670 420 4726 id
449 4676 494 4727 eol
513 4686 603 4742 super
617 4667 698 4724 illam
714 4667 931 4740 generationem
987 4671 1232 4729 nominenomini
1249 4673 1811 4732 laceretheherimaledictuminmanu

104 4762 239 4820 omnium
255 4766 426 4818 ceterarum
437 4760 590 4816 nationum
603 4757 703 4815 omnia
717 4761 834 4830 peccata
849 4772 933 4813 vene·
987 4761 1059 4835 tagis
1073 4761 1203 4830 Domini,
1217 4779 1269 4835 pro
1284 4779 1318 4820 eo
1333 4764 1410 4836 quod
1426 4764 1536 4821 dixerat
1546 4765 1602 4833 tex,
1619 4765 1687 4836 quia
1701 4789 1711 4815 ι
1723 4765 1815 4822 male.

104 4856 186 4925 runt,
202 4852 365 4910 secundum
377 4849 552 4907 sententiam
562 4846 655 4921 ipsius
670 4846 853 4918 Domini,qui
864 4861 932 4902 oum
986 4850 1082 4907 dictus
1106 4856 1151 4908 est
1170 4869 1187 4906 a
1214 4857 1272 4908 Deo
1287 4852 1339 4923 qui
1354 4852 1462 4924 pendet
1474 4853 1502 4909 in
1513 4852 1594 4926 ligno
1605 4854 1693 4927 (Dent.
1710 4856 1779 4926 xx1).
1796 4877 1811 4906 v

42 5012 46 5021 ¹
105 4942 282 5000 dixissetz«
299 4942 370 4997 hece
384 4956 438 5013 ego
452 4940 539 4994 mitto
555 4938 592 4994 ad
607 4954 657 4994 vos
672 4935 930 5006 Prophetasetsa·
985 4940 1110 4997 Proinde
1136 4939 1305 4997 terribiliter
1328 4941 1451 5013 dictum,
1464 4946 1494 4999 et
1508 4958 1574 4999 cum
1592 4947 1670 4999 metu
1682 4959 1714 4998 ac
1727 4959 1811 5000 reve·

104 5033 218 5105 pientes
233 5040 261 5089 et
274 5031 402 5097 Scribas,
419 5034 448 5086 et
462 5044 496 5085 ex
511 5027 570 5084 iltis
583 5026 723 5084 occidetis
734 5031 763 5080 et
777 5026 930 5099 erucitlge·
985 5031 1080 5087 rentiu
1094 5030 1293 5102 cogitandum,
1310 5031 1386 5102 quod
1404 5037 1523 5103 proptor
1536 5031 1646 5089 scelere
1662 5032 1810 5098 Damasci,

103 5121 153 5185 tis,
176 5125 206 5177 et
230 5128 345 5188 catera,
368 5143 379 5173 ι
403 5119 558 5190 subjunxit
572 5123 658 5189 atque
674 5117 739 5172 ait:
758 5133 769 5162 t
786 5114 823 5171 Ut
837 5115 931 5173 veniat
985 5124 1103 5190 propter
1118 5118 1228 5174 scelera
1243 5118 1335 5186 Gaza,
1347 5124 1467 5191 propter
1481 5118 1593 5176 scelera
1607 5120 1812 5193 Tyri,propter

27 5260 30 5267 .
105 5204 931 5284 supervosomnissauguisjustusquietiususeetsuper
985 5207 1093 5264 scelera
1118 5207 1222 5276 Edem,
1248 5212 1364 5280 propter
1386 5211 1498 5267 scelera
1522 5207 1649 5265 tiliorum
1671 5212 1810 5280 Ammon,

103 5304 226 5372 terrem,
242 5298 415 5370 asanguiue
432 5296 500 5353 abel
511 5297 588 5369 iusti
604 5311 697 5367 usquc
708 5294 744 5350 ad
757 5294 929 5365 sanguinem
970 5300 1104 5368 propter
1119 5293 1229 5352 scelera
1244 5296 1340 5366 Moab,
1353 5301 1471 5369 propter
1481 5298 1592 5354 scelera
1606 5298 1696 5366 luda,
1710 5303 1739 5355 et
1749 5315 1816 5369 pro·

102 5392 260 5460 Zacharia,
273 5389 326 5447 titii
338 5387 497 5456 barachie,
510 5401 596 5459 quem
609 5384 759 5441 occidistis
771 5384 845 5441 inter
856 5388 929 5442 tem·
984 5389 1048 5457 pter
1063 5384 1173 5440 scelera
1187 5386 1287 5454 lsrael,
1301 5385 1349 5441 hic
1360 5386 1474 5458 iudicet
1487 5386 1630 5443 Dominus
1640 5397 1668 5444 et
1692 5388 1814 5445 damnet

105 5481 189 5554 plum
204 5486 233 5538 et
248 5480 349 5538 altare.
366 5484 459 5533 Amen
475 5476 540 5532 dico
557 5475 650 5543 vebis,
666 5473 853 5531 venienthao
866 5491 929 5532 om·
983 5474 1067 5531 illum
1084 5473 1223 5532 verticem
1237 5473 1373 5546 Carmeli,
1390 5482 1420 5532 nt
1439 5492 1497 5532 non
1521 5482 1671 5535 convertat
1686 5494 1764 5545 eum,
1782 5477 1811 5534 id

104 5569 153 5628 nia
168 5586 259 5645 saper
272 5566 492 5644 generationem
512 5564 600 5621 istam
617 5561 832 5636 (Matrinum).
849 5585 864 5615 o
878 5565 929 5622 se·
982 5569 1026 5623 est
1036 5567 1156 5623 omnino
1167 5566 1634 5640 repellatatoaoitatitradateum
1647 5568 1812 5628 secuudum
