3826 6014
73 181 135 243 ⁴⁰9
425 194 641 261 cauliana,
661 198 700 258 IN
725 198 782 261 xli
803 199 948 261 PROPH.
971 197 1052 260 Mitt.
1076 230 1116 244 -
1135 199 1176 260 iii
1198 198 1306 261 Mica,
1331 199 1404 260 itu.
1429 198 1454 259 l.
1727 199 1787 260 tro

73 320 198 390 tacerent
210 337 273 379 rum
286 341 387 398 reperi,
405 332 477 402 tupit
491 335 593 391 iterum
607 335 637 391 ia
652 341 773 393 montem
786 338 844 410 ipse
856 353 902 392 so·
920 336 947 405 Α
959 335 1091 408 jusmodi
1109 335 1303 395 divinationes
1318 336 1444 392 tenebras
1456 337 1527 391 sunt
1538 337 1567 390 et
1579 350 1636 392 non
1651 333 1712 402 lux,
1729 352 1787 391 nox
1813 318 1817 331 ⁶

76 419 120 474 ius
135 411 228 481 (toan.
244 417 293 487 ει).
311 416 364 473 uui
380 426 477 478 autern
490 431 708 498 persenserunt,
727 428 804 499 quod
822 426 910 484 nollet
963 430 992 481 et
1008 442 1066 482 non
1087 442 1159 482 vere
1179 425 1300 482 visionis
1320 427 1392 482 dies.
1408 423 1535 496 Contigit
1549 425 1627 479 enim
1643 424 1686 479 eis
1701 422 1785 493 illud,

74 499 205 572 amplius
223 505 373 577 quidpiam
389 510 432 565 vel
450 514 596 583 quomodo
612 515 698 573 vellet
714 519 783 573 dare
806 517 836 573 iu
857 533 909 574 ore
962 516 1040 588 quod
1058 532 1109 589 per
1129 515 1316 572 Psalmistam
1329 516 1414 588 juxta
1429 514 1647 570 concessionem
1673 513 1784 569 dictum

78 604 195 662 eorum,
210 593 326 653 dicente
342 597 412 655 illo:
428 602 513 657 Amen
532 620 612 660 omen
628 605 688 661 «lieo
703 607 789 674 uobis,
806 623 911 680 quaere·
961 610 1025 661 est:
1042 607 1108 661 Fiat
1122 621 1215 661 mensu
1226 620 1320 662 eorum
1330 621 1424 660 eoram
1439 605 1507 676 ipsis
1517 604 1547 657 ira
1565 604 1702 674 taqueum,
1714 610 1741 658 et
1754 604 1784 657 in

77 677 115 734 tis
126 696 178 750 me,
193 699 250 738 aon
273 685 340 756 quio
354 688 461 745 uidistis
484 694 586 763 siqrrc;
602 696 648 750 seat
662 695 727 767 qaia
754 697 907 753 marebaco·
960 694 1163 762 retributiones,
1180 703 1206 750 et
1220 693 1249 750 in
1265 694 1439 763 scandalum,
1455 692 1636 749 obscurentur
1650 690 1724 747 orati
1737 707 1781 748 eo·

75 770 127 824 stis
139 773 313 845 saporibus,
325 785 352 833 et
364 782 802 856 saturatiests'aOperuorirr'raorr
815 788 908 843 cibum
959 800 1023 838 rum
1040 800 1075 840 ue
1096 785 1208 839 videant
1222 782 1309 853 (Psal.
1335 783 1443 854 aavru).
1466 781 1617 854 Siquidem
1643 780 1783 837 occubuit

76 857 127 929 qui
141 861 224 930 Wt'ls
239 862 286 920 ted
298 868 348 937 qui
360 875 502 939 peroraret
517 874 548 928 ira
563 872 648 930 vitam
662 875 906 949 aeternamfibid.),
958 889 1048 945 super
1066 889 1126 945 eos,
1143 876 1171 930 et
1191 872 1400 929 obtenebratus
1414 874 1459 928 est
1482 871 1532 927 ille
1554 871 1608 937 sol,
1625 875 1653 926 et
1669 870 1698 925 in
1713 869 1779 943 ipso

75 950 134 1003 etc.
146 947 303 1023 Coeperuat
314 970 403 1029 super
413 974 480 1016 eum
492 962 676 1020 sanctificare
688 964 818 1034 prelium
829 982 907 1023 mur.
958 961 1095 1018 occubitu
1125 978 1179 1019 suo
1202 969 1316 1019 noctem
1340 966 1369 1018 et
1384 961 1529 1030 tenebras,
1557 960 1718 1033 dequibus
1733 959 1780 1016 hie

75 1040 223 1097 morando
237 1045 266 1098 et
281 1042 405 1102 dicendo
420 1063 427 1103 ε
445 1049 539 1107 Nonne
553 1051 597 1107 bic
619 1056 659 1108 est
672 1054 750 1109 lesus
763 1055 840 1125 fitius
854 1057 904 1113 to·
957 1066 1053 1107 sermo
1066 1056 1121 1120 eet,
1137 1067 1187 1125 per
1202 1052 1337 1108 tenehras
1355 1050 1420 1107 illas
1428 1049 1614 1123 significavit,
1628 1067 1693 1123 ques
1708 1053 1780 1105 tuno

72 1126 152 1198 urb,
180 1132 261 1202 eujus
290 1137 416 1194 sommus
429 1147 537 1211 patrem
551 1146 579 1199 et
604 1143 744 1199 omrem?
767 1145 904 1213 Quomodo
955 1141 1036 1213 sactae
1050 1143 1116 1196 sunt
1129 1157 1212 1211 super
1226 1149 1332 1196 terram
1346 1140 1505 1196 uniuersam
1516 1139 1551 1193 ob
1562 1138 1628 1195 bora
1639 1146 1719 1194 secto
1732 1153 1780 1194 us-

75 1230 140 1288 erqo
152 1218 221 1275 dicit
236 1220 291 1291 bic,
315 1227 381 1297 quia
404 1227 438 1284 de
456 1230 521 1287 coeto
543 1231 695 1289 asmodi?
708 1233 800 1305 (ibid.)
822 1236 850 1290 si
866 1238 901 1293 de
955 1230 1040 1299 queirr
1051 1229 1154 1286 borum
1165 1245 1270 1286 nouom
1281 1228 1387 1301 (battis.
1402 1229 1500 1298 xxvii).
1512 1228 1549 1283 iit
1563 1243 1663 1283 revera
1673 1243 1778 1300 quam·

71 1306 265 1377 popularibus
280 1312 322 1370 iia
349 1321 404 1382 est,
421 1319 493 1388 quid
518 1327 605 1392 putas
621 1322 656 1377 de
672 1323 824 1394 prophetis
843 1323 903 1382 iilis
954 1317 998 1372 vis
1025 1317 1074 1375 ille
1090 1318 1309 1390 ressurrexerit,
1325 1320 1402 1374 recte
1419 1316 1538 1386 dicitur,
1554 1317 1623 1390 quia
1637 1332 1720 1388 super
1734 1333 1779 1374 eos
1895 1340 1901 1351 =

71 1395 569 1470 cupidisetprofuudisamatorihus
588 1409 769 1482 divitiarum,
784 1415 902 1485 qnando
953 1406 1107 1475 occubuit3
1134 1423 1193 1464 non
1217 1407 1296 1463 enim
1320 1407 1445 1463 credunt
1466 1422 1532 1463 eum
1553 1406 1779 1463 resurrexisses

71 1481 164 1556 isqui
181 1490 395 1559 predicabatur
408 1495 544 1554 Christus
565 1516 623 1555 non
647 1499 743 1557 solum
760 1520 818 1559 non
835 1521 900 1577 pro.
953 1495 1090 1564 mortuis,
1102 1499 1131 1552 et
1143 1495 1384 1568 perindsJ'ugiter
1400 1495 1428 1550 iu
1439 1501 1523 1552 nocte
1538 1495 1778 1552 suntetiutene·

72 1571 210 1631 mittebat
225 1579 267 1633 eis
280 1580 472 1641 sicutvellent
483 1588 637 1645 thesauros
648 1591 729 1647 orhia
744 1600 899 1662 terrarum,
953 1585 1024 1642 bris.
1036 1588 1068 1641 In
1077 1601 1109 1642 eo
1118 1585 1281 1658 gloriantur
1292 1584 1454 1642 illuminati
1466 1602 1568 1641 omnes
1579 1586 1776 1656 quicredunt;

72 1665 666 1743 sedetiamdisputabatoontraassuetum
677 1684 798 1740 uorum?
808 1685 898 1742 Nimi.
913 1696 936 1760 Β
952 1673 995 1729 illi
1009 1679 1108 1730 autem
1125 1691 1183 1730 nou
1198 1676 1350 1731 credentes
1376 1675 1492 1732 confusi
1519 1679 1597 1745 sunt,
1614 1673 1774 1729 claritatem

73 1769 140 1809 rum
154 1756 384 1829 desperaverunt
398 1767 433 1822 de
445 1766 899 1841 illodiceutes:Quodnorrdorrt
953 1764 1129 1837 ⁸⁰¹i⁸h⁰j⁰⁸
1151 1781 1216 1822 ⁸⁰⁸⁰
1243 1767 1420 1838 ingerentem
1450 1781 1509 1821 ¹¹⁰ss
1538 1764 1673 1831 ἷθΐθῦῐθθε
1697 1762 1775 1818 Sicut

70 1842 899 1932 quisptamtneructuaretretecosancrrfiraoeranlsa·
953 1856 1101 1927 quondam
1133 1856 1192 1912 fars
1225 1872 1283 1912 aon
1320 1858 1452 1928 poterent
1486 1854 1647 1910 claritatem
1676 1850 1774 1908 voltus

68 1947 188 2003 pereum
197 1938 897 2020 pretium,sanctumessejudicautes,sicruuifi.
953 1946 1039 2013 Most,
1064 1947 1115 2003 sed
1140 1947 1292 2019 fugiebant
1316 1946 1447 2002 vultibus
1463 1945 1572 2000 aversis
1587 1949 1616 1999 et
1636 1942 1775 1999 cordibus

68 2029 173 2094 gerent
199 2043 276 2097 eum,
303 2036 444 2105 tanquam
469 2037 544 2096 205
577 2041 760 2099 seductorem
786 2049 814 2100 et
836 2062 898 2102 mu.
952 2037 1051 2108 (Exod.
1068 2039 1215 2107 xxxrv;fl
1225 2037 1285 2094 Cor.
1302 2035 1357 2107 111).
1374 2036 1434 2092 Hoc
1448 2035 1576 2091 innuens
1591 2032 1648 2098 hic,
1663 2040 1691 2088 et
1706 2048 1774 2087 cora-
1868 2112 1871 2117 Ι

65 2127 150 2183 gum.
174 2114 247 2180 Quid
260 2119 330 2176 dicit
344 2125 488 2183 Dominus
503 2144 593 2199 super
606 2129 810 2201 hujuscemodi
830 2150 897 2206 pro·
951 2126 1116 2197 subdemur,
1131 2126 1180 2194 flii,
1197 2129 1247 2200 qui
1266 2126 1359 2183 viden!
1382 2127 1511 2191 visiones,
1526 2131 1551 2180 0¹
1572 2120 1774 2195 &illudimur
1847 2195 1850 2199 ,

67 2203 198 2278 phetes?
227 2212 380 2283 Propterea
403 2232 461 2273 nos
487 2219 562 2275 volu
584 2235 634 2290 pro
663 2221 847 2290 autonomi,
872 2233 900 2283 er
951 2216 1061 2279 divini:
1079 2218 1245 2288 rtoperiert
1271 2217 1365 2271 vultus
1377 2231 1440 2272 srvos
1463 2228 1568 2279 omnes,
1587 2213 1654 2284 quia
1668 2214 1775 2268 nonest

70 2297 192 2356 tenebrae
217 2300 294 2357 vobis
327 2319 378 2374 pro
413 2305 594 2364 divinatione.
624 2311 657 2366 us
684 2313 822 2370 occumbet
854 2319 898 2372 ,οι
951 2320 1110 2376 responsum
1128 2307 1188 2362 Dei.
1215 2305 1310 2362 Rebus
1328 2307 1406 2362 enim
1427 2300 1636 2377 apparentibus
1652 2298 1773 2356 convin-

69 2401 157 2458 ηραν
176 2390 338 2461 propbetas,
366 2401 392 2450 et
416 2395 637 2455 obtenebrabitur
663 2416 745 2471 super
759 2419 802 2469 eoa
825 2403 895 2461 dias,
951 2394 1441 2468 cunturmendaces,quividebant,
1455 2391 1634 2465 idestquise
1648 2387 1773 2446 vidisset

71 2474 157 2533 Visio
179 2481 209 2533 et
230 2479 371 2538 divinatio
400 2483 454 2540 hoc
477 2486 627 2556 differunt,
652 2490 732 2561 quod
756 2491 895 2549 divinatio
950 2484 1247 2557 fingebunlviriones.
1260 2484 1329 2556 quia
1340 2482 1482 2555 quidquid
1499 2481 1720 2554 loquunturaut
1733 2479 1773 2535 lo·

67 2583 222 2640 uunquam
237 2570 268 2628 in
284 2572 482 2645 Scripturiain
499 2578 604 2636 honam
619 2584 731 2652 partem
742 2583 893 2653 accipitur.
950 2574 1010 2630 culi
1025 2578 1107 2640 will»
1122 2591 1180 2630 Μ
1195 2583 1254 2630 07⁰¹
1265 2588 1422 2645 ruptilium
1433 2572 1492 2640 Dei,
1513 2571 1561 2627 ⁸0⁶
1579 2569 1771 2642 Ρῑῦβῧθῑηθ·

68 2656 129 2713 ΝΜ
154 2657 217 2726 erit,
247 2659 297 2730 sil,
325 2665 477 2733 causariam
505 2668 536 2723 tn
562 2670 655 2740 tucos,
679 2671 894 2742 mqueutvina.
950 2663 1297 2734 runtdecordihussuis,
1312 2660 1770 2733 etnuncnaqueoperierrtvuttus

67 2747 108 2801 lit
127 2744 158 2802 in
173 2747 265 2805 131αεί
286 2750 377 2822 (Num.
401 2758 493 2824 xxvia).
517 2757 648 2829 Cumque
668 2758 723 2815 hou
745 2764 895 2833 uteunque
948 2768 1020 2822 suos,
1032 2753 1163 2809 velamen
1180 2752 1297 2809 malitie
1313 2752 1441 2825 positum
1453 2751 1593 2806 hahentes
1606 2765 1694 2820 super
1710 2765 1769 2806 cor.

67 2833 194 2903 tollitur,
210 2837 270 2894 sive
285 2840 421 2898 effectum
436 2859 494 2899 non
510 2845 618 2903 habore
633 2849 830 2918 denuntiatur,
848 2852 895 2908 di·
949 2843 1000 2898 Hie
1016 2842 1102 2898 divlir
1117 2858 1206 2914 super
1216 2841 1371 2915 prophetas
1381 2841 1549 2897 seductores
1556 2843 1646 2910 etque
1656 2838 1771 2894 morda-

69 2925 183 2982 vendo:
199 2927 259 2985 Nor
273 2931 348 2987 robis
359 2949 409 3003 pro
424 2936 532 2991 visione
546 2938 609 3008 erit,
620 2949 646 2994 ar
662 2941 779 2996 renuens
791 2957 842 3013 pro
854 2941 895 2998 <tt-
948 2947 1007 2999 ces,
1024 2948 1150 3003 quorum
1178 2929 1326 2987 deterrimi
1344 2930 1463 2985 fuerunt
1477 2933 1575 2985 Annas
1591 2930 1620 2984 et
1633 2926 1769 3000 caiphas,

66 3012 219 3083 strattone,
231 3018 272 3074 sic
283 3018 506 3094 intelligendam
517 3030 646 3084 eatzvoa
656 3030 821 3088 nescientes
832 3031 893 3088 sive
950 3022 1056 3092 ultim
1076 3021 1186 3077 dicium
1212 3025 1267 3088 ⁰⁸l2
1287 3018 1424 3076 θθῡῑῑῦΰθ
1448 3017 1484 3074 <1⁰
1506 3017 1660 3088 ⁸⁰ffl⁰lil>³⁰
1682 3015 1769 3072 di⁰st²

65 3101 295 3173 scirenoleutea
307 3108 387 3166 aliud
401 3128 465 3169 esse
480 3115 676 3188 prophetiam,
688 3118 890 3178 aliudessedi·
952 3111 1143 3168 Vetumlssfm
1167 3126 1216 3182 ⁶90
1239 3109 1357 3181 willelm
1376 3125 1438 3164 ‘um
1461 3107 1633 3180 smmum
1654 3104 1771 3177 'illrum

64 3192 256 3265 vinctionem,
268 3198 409 3256 videmini
420 3203 504 3259 vohis
515 3220 580 3262 esse
590 3207 736 3279 prophetas
748 3209 889 3279 utvultis,
943 3200 1064 3270 DO'm'm',
1077 3201 1186 3273 ludim
1204 3206 1230 3257 θ’
1244 3204 1371 3268 veritate,
1386 3205 1417 3256 ¹⁴⁸
1430 3201 1595 3256 “titutum
1612 3196 1693 3254 ‹¹⁰⁶⁰lf
1711 3211 1771 3253 ⁸⁶⁶·

64 3283 99 3336 ut
111 3283 299 3342 aestimemini
311 3289 438 3347 visiones
453 3293 503 3349 Dei
522 3294 700 3365 videre‚cum
710 3299 776 3355 sitis
792 3301 890 3372 potius
942 3291 986 3346 Μ
1000 3307 1088 3360 suum,
1103 3299 1129 3347 ⁶1
1139 3292 1225 3348 ¹³7⁰st
1238 3301 1379 3362 limatum
1395 3306 1484 3345 ”illm-

64 3371 150 3441 quasi
166 3389 294 3448 augures
309 3382 337 3433 et
352 3379 442 3436 divini
455 3381 516 3439 sive
531 3384 625 3456 arioli,
637 3403 689 3458 pro
700 3404 734 3444 eo
748 3387 827 3461 quod
839 3390 889 3445 uhi
979 3388 1038 3444 Hoc
1058 3388 1144 3459 piane
1160 3405 1215 3445 nou
1232 3390 1351 3456 frustra,
1369 3404 1421 3445 nec
1435 3387 1546 3459 absque
1560 3384 1685 3442 rationis
1697 3400 1769 3457 pon-

63 3460 136 3530 quid
144 3462 179 3518 ad
188 3465 381 3524 mordendum
394 3471 581 3544 accipitis‚ibi
594 3491 695 3546 pacem
705 3478 888 3550 praedicatis3
943 3477 1011 3533 dere
1026 3477 1172 3550 opposuit.
1195 3478 1333 3533 Poterant
1354 3477 1434 3533 enim
1456 3475 1573 3532 ohviare
1588 3474 1641 3544 illi,
1655 3474 1765 3546 quihus

64 3554 95 3605 et
109 3550 133 3606 si
145 3553 213 3623 quis
225 3569 282 3611 non
298 3557 446 3616 dederitin
461 3578 512 3618 ore
523 3568 618 3620 vestro
628 3565 789 3638 quidpiam,
802 3585 892 3641 super
944 3565 1034 3622 moris
1045 3570 1108 3621 erat
1120 3565 1277 3637 prophetas
1284 3565 1398 3622 Domini
1408 3569 1593 3621 contemnere
1603 3563 1664 3618 sive
1674 3561 1762 3619 etiarn

65 3652 137 3695 eum
153 3642 493 3711 praliumsanctillcatis.
503 3652 559 3708 Sed
571 3653 778 3719 sivevisionem
791 3657 890 3721 salitis
942 3652 1073 3722 irridere,
1088 3658 1116 3710 et
1132 3653 1265 3711 fortassis
1276 3655 1340 3725 jam
1356 3658 1515 3726 rapuerant
1525 3653 1645 3709 verbum
1661 3651 1761 3706 decre

65 3745 250 3804 nuncupare,
277 3738 354 3808 quod
380 3737 546 3812 loquimini,
563 3747 659 3800 vestra
669 3746 741 3803 visio
752 3763 809 3803 nox
823 3750 890 3819 erit,
942 3743 1017 3812 ojus,
1032 3747 1064 3798 ut
1078 3742 1226 3799 dicerent:
1245 3743 1378 3811 Quoniam
1394 3758 1462 3807 nos,
1474 3745 1506 3796 ul
1516 3745 1546 3796 tu
1563 3739 1647 3807 dicis,
1658 3754 1709 3808 pro
1721 3738 1764 3795 ui-

65 3819 128 3875 sive
138 3821 346 3882 divinationem
358 3827 463 3894 dicatis
476 3848 484 3899 ;
501 3849 558 3890 uon
574 3834 614 3890 ibi
626 3833 687 3904 lux,
698 3838 748 3893 aad
765 3839 890 3896 tenebra
941 3830 1017 3887 sione
1027 3838 1054 3888 et
1065 3832 1243 3903 terebroepro
1255 3830 1425 3889 divinatione
1441 3833 1511 3886 aunt
1525 3827 1685 3902 prophetis,
1698 3829 1762 3900 jam

65 3913 138 3963 sunt
147 3910 274 3968 tenebra
285 3912 424 3972 falsitatis
433 3922 463 3974 nt
475 3922 695 3993 conmendacii,
710 3923 778 3994 quia
792 3925 892 3983 videli—
943 3938 996 3979 uec
1010 3922 1045 3979 de
1064 3927 1115 3979 tua
1129 3923 1241 3979 visione
1250 3939 1399 3990 curamus,
1411 3921 1478 3994 qaia
1488 3936 1542 3977 noa
1550 3925 1588 3976 est
1603 3934 1764 3991 responsura

64 4001 111 4053 cst
125 4013 277 4071 supernos
286 4003 331 4059 sol
341 4005 488 4078 occubuit,
505 4009 605 4067 etdiea
616 4012 824 4072 obtenebratus
835 4022 888 4076 est.
942 4011 1001 4080 Dei,
1028 4013 1078 4069 sed
1103 4010 1242 4068 divinatio
1269 4028 1358 4083 quam
1384 4009 1507 4078 tinxisti,
1522 4009 1565 4066 sia
1579 4024 1707 4080 namque
1726 4008 1764 4064 ad

62 4086 135 4150 Quis
150 4087 200 4145 ille
225 4089 281 4162 sol,
297 4092 353 4149 nisi
375 4095 412 4150 de
427 4112 486 4168 quo
501 4098 645 4172 scriptum
661 4107 725 4159 est:
744 4105 821 4162 Vobis
835 4123 890 4163 uu.
944 4100 1118 4158 Hieremiam
1149 4101 1305 4158 dixerunt:
1329 4100 1500 4157 lienteriam
1514 4102 1545 4155 tu
1562 4096 1689 4171 loqueris.
1705 4097 1766 4154 Noa

63 4184 118 4232 tem
142 4178 305 4236 timentibus
329 4198 429 4240 nomen
443 4202 545 4257 meum,
570 4192 675 4247 cudar-
688 4194 732 4248 sot
754 4195 891 4261 justitias?
943 4192 1019 4246 misit
1034 4200 1059 4247 ts
1085 4190 1213 4246 Dominus
1231 4195 1305 4247 Deus
1330 4199 1425 4247 noster
1437 4189 1551 4245 diceas:
1565 4189 1603 4244 No
1624 4185 1765 4258 irroratio-

61 4263 205 4337 (bfalaeb.
221 4270 272 4340 vv.)
295 4270 328 4328 ut
349 4273 418 4345 quis
434 4274 482 4332 ille
496 4277 571 4345 dies,
584 4279 641 4335 nisi
656 4281 719 4354 ipse
733 4283 782 4353 qui
797 4286 887 4343 dicit:
942 4280 1017 4336 mini
1044 4283 1206 4352 AEqyptum,
1222 4287 1253 4337 ut
1281 4279 1407 4338 habitetis
1428 4279 1510 4343 illic:
1524 4276 1570 4334 ssd
1584 4278 1676 4333 florae
1688 4276 1765 4347 fitius

62 4355 120 4424 ⁶0⁰
135 4372 196 4412 *Μ
211 4358 265 4414 ²¹⁰2
274 4362 384 4428 maadi,
395 4366 445 4435 tui
458 4369 588 4437 sequitur
595 4385 638 4424 me
647 4384 703 4426 soa
719 4373 844 4431 orabatur
857 4377 889 4433 ta
942 4371 1035 4426 Nertae
1045 4369 1144 4425 incitat
1158 4373 1183 4426 ts
1196 4368 1342 4426 odorrem
1357 4385 1405 4425 nos
1427 4369 1493 4440 (ter.
1518 4370 1608 4434 anau).
1627 4365 1765 4438 amplius

63 4444 196 4515 tenebris,
210 4448 258 4503 sed
273 4449 383 4508 babebit
399 4453 492 4511 lamera
506 4459 572 4514 vite
585 4457 692 4531 Pitoura
707 4464 781 4533 vm.)
903 4427 927 4494 D
944 4466 1042 4515 autem
1052 4458 1366 4533 ejusmodiprophetre,
1378 4459 1414 4514 de
1425 4458 1564 4530 qualibus
1574 4455 1630 4512 iste
1640 4454 1764 4522 dicebat,

101 4532 245 4593 Videmus
260 4538 302 4596 ita
313 4540 433 4610 factum,
444 4545 513 4617 quia
523 4564 556 4604 ex
567 4564 626 4620 quo
637 4549 700 4620 jam
717 4551 813 4608 dietus
825 4554 889 4610 cai-
944 4549 1093 4620 Propterea
1106 4564 1163 4605 aas
1175 4547 1254 4604 vobis
1266 4564 1317 4620 pro
1338 4547 1444 4604 visiom
1457 4547 1523 4615 erit,
1538 4550 1565 4601 et
1580 4544 1700 4601 tenebrae
1713 4559 1766 4616 pro

64 4622 141 4694 phas
153 4627 347 4699 sanguineam
360 4634 542 4704 prophetavit
553 4639 736 4710 prophetiam
749 4643 890 4713 propheta
943 4645 1125 4714 divinatione,
1141 4661 1199 4702 non
1215 4645 1338 4702 duhlum
1356 4644 1429 4717 quia
1444 4641 1678 4700 adversitatatum
1687 4640 1765 4696 insa·

62 4713 194 4772 crudelis
208 4720 237 4773 et
250 4719 375 4777 tandem
388 4722 425 4779 ad
440 4725 632 4797 sauguinem:
648 4729 725 4785 Nihil
741 4735 786 4787 est
800 4733 890 4789 ibiri·
944 4733 1323 4805 nierint‚quemadmodum
1333 4728 1765 4790 insanieruntadversusalium

63 4802 159 4860 sionis
174 4810 225 4862 aut
239 4809 380 4866 veritatis.
392 4812 512 4871 Etsicut
522 4815 628 4888 regalis
637 4819 765 4891 dignitas
778 4819 890 4878 interiit
944 4823 1114 4896 prophetem
1126 4823 1191 4893 ejus
1202 4822 1341 4893 nominis,
1353 4821 1490 4879 videlicet
1505 4819 1657 4876 Michaeam
1671 4816 1765 4874 tilium

61 4894 92 4947 et
103 4894 264 4953 auctoritas
273 4901 427 4958 sacerdotii
441 4903 560 4973 decidit,
571 4907 613 4962 sic
624 4907 843 4982 omnisquoquo
851 4911 888 4969 ah
942 4911 1067 4970 Jembla.
1082 4912 1154 4968 Nam
1166 4927 1233 4967 cum
1249 4911 1298 4968 ille
1313 4911 1420 4968 diceret
1435 4910 1472 4968 ad
1486 4908 1605 4967 Achab:
1622 4908 1700 4964 Nurac
1713 4907 1769 4976 iqi-

59 4978 122 5037 illis
144 4984 315 5055 prophetica
328 4990 422 5059 gratia
444 4991 581 5050 decessit.
606 4995 814 5054 Divinaveruat
833 4999 889 5056 ali·
944 5009 989 5058 tur
1004 5017 1063 5058 ecee
1077 5000 1153 5058 dedit
1163 5000 1296 5058 Dominus
1310 5001 1440 5073 spiritum
1453 4998 1633 5057 messueritis
1646 5013 1694 5053 ore
1707 5012 1767 5054 om·

62 5071 181 5140 quoties
196 5075 225 5127 el
250 5073 347 5160 adhuc
368 5078 499 5137 divinare
514 5082 649 5139 nituntur
663 5084 804 5154 infelices,
821 5104 888 5160 pro·
943 5091 1230 5164 aiumpropbetorum
1244 5094 1354 5148 tuorum
1369 5092 1420 5162 qui
1436 5091 1481 5145 bic
1494 5093 1570 5154 sunt,
1585 5091 1612 5145 et
1633 5088 1768 5143 Dominus

62 5172 153 5228 lilim
167 5158 224 5213 ⁸ibi
254 5164 452 5234 promittendo
477 5173 543 5241 post
559 5169 645 5226 linem
662 5170 808 5229 mattarum
823 5191 887 5247 qua
944 5181 1049 5237 locutio
1063 5185 1102 5236 est
1117 5184 1213 5238 eontra
1232 5180 1392 5237 umatum.
1408 5175 1768 5247 Accessite'edoeltiosfils'us

63 5261 144 5302 ⁰⁰⁰⁰
154 5249 319 5319 Ρθῑῑῦῦῑῠῑ,
333 5254 470 5326 (ῙῑῦΡθΐθὶ,
482 5263 510 5312 θῑ
521 5260 697 5330 captivitatis
708 5261 814 5333 jugum
825 5280 890 5337 por·
945 5270 1115 5336 Chunorum
1123 5271 1255 5340 percussit
1266 5268 1409 5327 ltiebaeom
1418 5271 1448 5324 in
1458 5267 1620 5339 maxiltam,
1631 5275 1658 5322 et
1668 5265 1741 5321 dixit
1754 5280 1764 5319 :

64 5336 163 5390 taum
180 5340 264 5410 quasi
276 5340 355 5412 ipsos
366 5359 483 5415 quoque
493 5350 640 5404 Romanos
653 5366 736 5406 versa
747 5351 809 5408 vice
820 5369 887 5424 pos·
943 5358 1017 5414 liene
1025 5374 1094 5432 erqo
1103 5357 1208 5414 diovisit
1219 5357 1340 5431 Spiritus
1347 5358 1467 5426 Domini,
1482 5365 1507 5415 et
1521 5359 1625 5414 iocatus
1640 5349 1767 5408 esttibi?

64 5425 178 5480 sessuri
202 5427 307 5484 sintin
324 5446 433 5500 servos,
459 5435 544 5506 juxta
573 5435 665 5492 illud:
690 5440 723 5494 Et
743 5440 889 5510 possidebit
942 5447 989 5517 (ill
1011 5450 1076 5518 lieu.
1092 5449 1171 5519 asu).
1189 5447 1290 5519 ltaque
1313 5447 1361 5504 hic
1376 5466 1443 5506 cum
1459 5448 1583 5504 dixisset
1598 5457 1687 5513 super
1702 5455 1768 5510 pro·

64 5512 162 5570 domus
177 5516 262 5573 tocob
277 5533 321 5577 eos
336 5521 422 5592 quise
433 5524 612 5593 possederant
625 5527 701 5600 (tlt.
719 5529 748 5599 1).
765 5529 820 5587 Sed
837 5531 889 5588 hu·
943 5535 1046 5609 phetas
1060 5552 1166 5610 eaquae
1175 5535 1327 5608 premissa
1341 5541 1421 5603 auat,
1434 5553 1491 5593 non
1505 5535 1557 5591 ahs
1573 5548 1603 5587 re
1614 5530 1648 5585 de
1660 5529 1767 5583 semet·
