3826 6014
63 218 138 295 'soe
630 179 1219 285 anraanttnetrtrotttens1s
1336 305 1337 309 p
1725 178 1788 279 sis

79 379 169 441 qttam
196 357 360 432 subjungit,
392 353 486 414 Patria
503 353 624 413 calicem
645 353 743 411 dantia
766 370 821 411 vox
845 355 899 409 eat.
917 352 1196 439 Adiximonuertam
1206 366 1427 410 manummeam.
1440 346 1622 407 Hinocatilla
1635 346 1785 405 conlesalo

80 459 198 510 Fromea
220 451 351 505 tussitare
379 463 464 520 caper
490 456 626 518 pastorem
651 461 755 510 meam,
771 454 797 500 et
820 458 901 513 saper
957 443 1087 515 ejusdem
1115 442 1461 516 pastoriallonfiteortibi,
1479 440 1596 496 Domine
1616 440 1699 493 Pater
1719 434 1786 494 cati

79 548 171 600 airum
193 540 374 596 coherentem
393 536 473 600 mibi,
490 537 557 592 dicit
572 534 704 591 Dominus
719 535 900 590 eaereitaum.
957 543 983 589 et
996 539 1089 601 terrae,
1103 536 1168 605 qaia
1182 530 1350 589 abscondisti
1360 531 1419 588 baec
1428 531 1599 600 sapientibus
1616 533 1643 583 et
1657 530 1787 597 pruden-

79 634 194 689 Percute
205 641 357 701 pastorem,
372 635 398 683 et
414 626 609 696 dispenpentar
624 640 685 680 oues
698 624 800 694 prepis.
821 626 860 678 Ao
878 622 904 679 si
957 621 1041 687 tibus,
1057 627 1082 678 et
1098 621 1228 679 revelasti
1245 639 1278 678 ca
1293 621 1426 694 purvulas
1440 619 1551 690 (natm.
1569 621 1617 687 nt).
1639 616 1785 687 Equidem

79 722 172 777 dicat:
188 719 323 786 Quaeritis
340 717 410 792 quid
437 718 497 772 aint
522 719 614 787 plagas
628 714 701 782 ista,
714 719 743 768 et
758 729 810 784 ego
837 711 903 766 dico
958 711 1107 781 sapientes
1123 718 1153 766 et
1165 713 1324 783 prudentes
1338 709 1476 781 iamdicti
1488 706 1625 779 parvulus
1640 703 1784 777 al'lltgent,

76 809 161 865 uobis
187 807 258 881 qnia
271 804 439 863 testimonia
453 811 524 861 aunt
539 804 723 869 obedientia,
751 803 834 873 signa
852 817 904 857 vo·
957 806 986 855 et
1005 801 1094 855 exeis
1109 799 1310 873 flagellabunt.
1328 799 1511 871 crucifigent,
1527 801 1556 852 et
1567 800 1787 869 persequentur

79 899 201 956 luntatis
217 895 398 968 atjussionis
414 901 551 967 paternas.
569 894 699 949 Dominus
713 893 901 954 exercituum,
958 888 994 945 de
1009 890 1124 945 civitate
1138 890 1166 944 in
1183 889 1340 957 civitatem,
1354 885 1511 944 nonnullos
1526 902 1643 959 qunque
1664 884 1785 958 ignibus

78 987 155 1044 Dens
182 987 266 1042 Pater
293 984 364 1040 mibi
390 984 505 1056 proprio
531 983 602 1039 Filio
628 996 679 1038 tuo
705 996 759 1036 non
783 981 906 1054 pepercit
958 983 1090 1046 exurent,
1107 978 1231 1035 sedbaec
1247 979 1346 1036 omnia
1362 973 1785 1051 paruulisoooperabunturin

79 1075 167 1150 (llam.
181 1075 253 1147 tut),
274 1074 324 1130 aed
340 1090 390 1146 pto
405 1072 487 1128 vobis
503 1071 644 1127 omnibus
659 1069 781 1126 tradidit
798 1083 855 1124 me.
869 1067 904 1123 nt
959 1068 1081 1126 bonurn.
1097 1069 1212 1125 illenim
1224 1083 1279 1142 ago
1296 1085 1346 1141 per
1361 1067 1422 1123 beo
1437 1083 1500 1139 quas
1517 1064 1676 1138 patientur,
1698 1080 1785 1120 uram

79 1165 170 1223 dixit:
195 1169 316 1222 Promea
340 1165 474 1218 suscitare
497 1177 580 1231 super
602 1163 738 1231 pastorem
758 1174 860 1225 meam,
879 1164 905 1214 et
957 1173 1011 1227 eos,
1023 1155 1095 1213 sicut
1109 1156 1206 1213 aritar
1219 1168 1369 1224 aurum,et
1383 1155 1501 1230 probabo
1520 1170 1566 1211 eas
1589 1155 1661 1211 sicut
1684 1153 1785 1225 praba·

78 1255 265 1326 superviram
277 1251 458 1308 coherentem
482 1248 566 1305 milti.
590 1248 672 1315 Quod
687 1254 732 1304 eat
750 1245 905 1303 dinemo
958 1255 1005 1304 tur
1029 1251 1188 1318 arpentum.
1208 1247 1377 1305 Secundum
1403 1246 1479 1303 bano
1494 1243 1718 1302 similitudinem
1733 1259 1786 1299 ar·

80 1341 487 1411 mors.oonvaleeoecosuper
511 1338 604 1395 lilium
623 1353 734 1405 meum,
765 1343 906 1409 pastorem
957 1335 1078 1411 gentiet
1092 1335 1167 1404 auri,
1180 1336 1258 1408 quod
1276 1351 1325 1407 per
1338 1335 1434 1409 iguem
1446 1333 1595 1406 probatur,
1607 1333 1707 1389 omnia
1719 1330 1785 1390 bac

78 1427 706 1499 meumbonum‚snperviramcabaerenlem
719 1424 903 1492 milti,idest
958 1422 1182 1482 illisinbonum
1212 1424 1459 1498 cooperabuntur.
1477 1422 1559 1481 Unde
1582 1421 1659 1498 apud
1678 1420 1784 1479 ntou

77 1520 108 1577 ln
121 1521 231 1576 unitate
248 1535 376 1590 personae
398 1518 587 1590 conjunctum
605 1514 705 1581 Verbo,
733 1515 810 1587 quod
828 1530 900 1570 con·
958 1515 1088 1573 Ecclesia
1107 1516 1307 1590 parvulorum,
1335 1517 1395 1573 sive
1419 1532 1497 1573 unus
1513 1513 1620 1587 aliquis
1635 1512 1788 1586 ejusmodi

76 1606 271 1666 substantiale
300 1606 371 1663 mibi
396 1613 449 1664 eat.
480 1603 524 1662 od
552 1605 675 1672 dietum,
694 1603 768 1660 acsi
789 1603 901 1659 tramea
959 1604 1147 1679 parvulorum
1171 1607 1292 1680 gaudet,
1316 1611 1345 1662 et
1368 1606 1537 1678 dioit:lpse
1555 1605 1690 1661 umescit
1710 1601 1788 1659 niam

79 1703 232 1771 quareret,
246 1696 363 1752 dicent:
380 1696 530 1761 Quomodo
546 1694 589 1750 vol
606 1695 793 1765 inquantum
809 1692 904 1748 susci·
960 1712 1059 1765 meam,
1075 1703 1102 1753 et
1116 1695 1246 1769 probabit
1267 1697 1531 1771 ineptissimarum,
1548 1692 1618 1767 quod
1627 1707 1676 1765 per
1691 1694 1789 1762 ipnem

76 1787 163 1843 tabor
173 1787 348 1858 supet-buna
362 1791 506 1858 pastorem
524 1790 607 1840 tuum
618 1781 632 1838 ‘l
645 1783 686 1838 ita
700 1781 833 1855 protinus
845 1781 905 1836 edi·
919 1757 942 1823 Β
956 1785 1069 1842 transit.
1087 1787 1204 1859 Vesttpia
1218 1786 1277 1858 ejus
1293 1789 1400 1843 secutas
1416 1795 1456 1842 att
1468 1800 1517 1858 pes
1533 1800 1621 1848 meas,
1637 1785 1712 1839 amm
1724 1784 1787 1856 ejas

78 1877 135 1932 oit:
161 1878 276 1932 Percote
289 1880 438 1946 pastorem,
459 1878 485 1930 et
509 1873 700 1947 disperpentar
728 1886 797 1927 auec.
826 1870 899 1926 Hiuo
956 1877 1097 1933 custodiet
1114 1879 1141 1931 et
1162 1894 1181 1933 a
1197 1875 1336 1933 maalatts
1351 1877 1411 1948 dat
1425 1891 1479 1931 non
1490 1875 1591 1932 recessi
1603 1873 1662 1945 (iob
1688 1873 1788 1946 xant).

78 1965 142 2039 lpse
157 1971 259 2039 pastor
269 1964 339 2021 dum
356 1969 565 2038 percuteretur,
582 1967 622 2019 ita
633 1961 750 2019 locutus
762 1962 902 2019 sstzom-
956 1965 1015 2037 ipse
1042 1966 1150 2022 uocabit
1171 1982 1270 2022 nomen
1293 1982 1395 2034 menan,
1425 1971 1453 2022 et
1474 1981 1523 2038 epo
1545 1962 1786 2020 martianaeum.

79 2071 127 2112 nes
155 2071 201 2112 aas
226 2056 390 2111 scandalum
413 2052 562 2125 potiemini
585 2052 616 2108 in
633 2066 676 2108 me
692 2053 721 2106 in
738 2051 793 2106 ista
813 2059 902 2106 nocte.
959 2055 1052 2111 dicam
1082 2055 1197 2126 populas
1221 2072 1309 2122 metas,
1337 2060 1363 2112 et
1388 2057 1445 2128 ipse
1475 2055 1698 2111 dicetltomt'nas
1714 2053 1788 2109 lletrs

80 2145 223 2218 Scriptum
237 2155 276 2201 est
287 2149 377 2202 enim:
394 2145 551 2201 Percuttam
561 2146 697 2214 pastorem
712 2138 902 2211 etditpcrpen·
956 2161 1044 2201 meas.
1061 2145 1093 2200 Et
1106 2161 1166 2202 ecce
1182 2151 1291 2203 sentent
1305 2146 1363 2203 dies
1379 2146 1492 2202 Domini
1504 2146 1568 2209 mei,
1585 2153 1610 2200 et
1625 2143 1792 2200 dividentur

81 2240 214 2294 taraces
241 2237 332 2308 prepis
359 2235 472 2303 (britti.
501 2239 590 2300 xxvtt.
611 2232 705 2304 Igitur
719 2230 903 2286 dicentibus:
957 2235 1261 2308 spoliaiamediotut'.
1278 2237 1350 2302 Quis
1370 2236 1661 2306 lpseuocabt'tnamen
1681 2249 1791 2306 meum,

82 2325 153 2396 Quid
175 2333 240 2381 snat
263 2327 353 2396 plopae
378 2326 440 2381 ista
464 2320 748 2379 iamediomaattttm
777 2329 899 2387 luorum,
959 2323 1014 2380 nisi
1042 2324 1192 2397 parvulus,
1222 2323 1422 2398 sivapopulus
1448 2321 1793 2398 parvulorumli'oeabit

85 2430 213 2488 congrue
242 2413 400 2487 apponitur
424 2429 478 2469 vox
505 2412 599 2468 Patris
624 2411 904 2466 dicentistl'ramett
956 2429 1056 2470 nomen
1078 2432 1180 2483 meum,
1197 2413 1309 2470 scilicet
1324 2415 1414 2470 Deum
1431 2420 1459 2471 et
1475 2414 1587 2471 Patrem
1604 2411 1721 2469 Domini
1740 2412 1790 2469 sui

81 2510 219 2562 suscitare
234 2521 320 2570 supter
339 2513 476 2575 pastorem
491 2505 631 2569 meamet
646 2516 728 2573 super
743 2516 835 2556 atram
857 2514 906 2556 co·
956 2502 1789 2579 lesuChristi‚Patremmisericordtarum,ellleumtotiua

81 2598 230 2654 terentem
241 2597 323 2664 milti,
340 2606 448 2667 perante
457 2601 593 2665 pastorem
603 2603 629 2650 et
640 2593 834 2666 disperpentar
844 2606 905 2648 anet
957 2592 1166 2649 consolationis
1178 2593 1216 2666 (tl
1227 2593 1288 2650 Cor.
1305 2594 1337 2666 ι),
1353 2610 1421 2649 nnm
1433 2595 1487 2649 boc
1498 2598 1543 2649 ast
1554 2608 1656 2649 nomen
1667 2606 1783 2657 meum.

79 2681 904 2759 prepis‚utsitsensustblonumentasuntpaternaoba-
956 2690 1053 2755 etego
1078 2682 1108 2738 in
1132 2682 1187 2739 boc
1217 2683 1336 2740 nomine
1361 2683 1526 2753 exaudiam,
1556 2686 1586 2738 et
1609 2678 1785 2738 consolabor

81 2777 187 2842 sitatis,
203 2777 288 2849 signu
304 2783 375 2831 aunt
390 2775 559 2831 obedientie
578 2790 658 2836 mate,
676 2771 745 2845 quia
761 2770 809 2827 ille
830 2768 903 2825 mibi
956 2787 1022 2829 aum
1035 2771 1063 2827 in
1084 2773 1164 2828 omni
1184 2771 1374 2830 tribulatione
1389 2790 1453 2829 sua.
1470 2771 1572 2828 Nonne
1584 2785 1725 2844 magnum
1741 2776 1791 2827 est

80 2872 193 2941 proprio
216 2869 346 2923 liliosae
370 2882 425 2921 non
452 2867 572 2938 pepercit
604 2865 689 2929 tltam.
720 2863 903 2932 n111)‚etsgo
956 2862 1032 2934 quod
1063 2861 1182 2918 dicam:
1201 2860 1672 2934 Popnlnsmenses‚etipsedicet:
1693 2859 1790 2917 llomi·

82 2959 175 3028 [artas
185 2973 252 3013 sum
269 2957 394 3012 obedt'ens
406 2955 444 3010 illi
463 2971 514 3027 pro
530 2953 668 3010 omnibus
680 2951 855 3022 vobisasnue
870 2949 905 3004 ad
955 2950 1085 3007 nusbeus
1100 2968 1176 3008 mens
1187 2951 1200 3008 l
1210 2951 1281 3009 Nem
1299 2954 1384 3009 beata
1394 2953 1567 3025 gens,oujua
1582 2956 1628 3008 est
1640 2949 1786 3006 Dominus

78 3053 205 3114 mortem,
234 3052 349 3101 martem
376 3049 468 3099 autem
505 3042 596 3099 erucis
629 3039 745 3113 (rttttp.
776 3031 830 3111 nl(
851 3044 899 3095 Se·
957 3044 1033 3096 Deua
1062 3043 1138 3113 ejus,
1168 3041 1395 3115 populusquem
1414 3041 1501 3115 elegit
1525 3041 1554 3097 ia
1580 3039 1783 3096 hereditatem

80 3134 202 3206 quitur:
917 3112 938 3180 C
954 3129 1020 3185 sibi.
1039 3128 1118 3186 Dicet
1134 3146 1202 3202 ergo
1216 3133 1335 3203 populas
1359 3148 1437 3187 meas
1451 3131 1587 3199 es,dioam
1598 3146 1659 3187 ecce
1673 3131 1789 3187 uenient

115 3223 147 3278 lit
161 3225 317 3277 convertam
334 3236 445 3276 manant
460 3236 549 3275 meam
564 3219 599 3275 ad
622 3217 765 3290 paruulos,
780 3221 805 3274 et
819 3222 901 3274 eruut
958 3217 1150 3285 dicebamini,
1167 3231 1192 3275 et
1202 3219 1328 3277 dividam
1347 3220 1439 3292 spolia
1453 3223 1485 3278 in
1499 3220 1589 3276 medio
1603 3224 1656 3289 tui,
1672 3219 1790 3276 sciltaet

78 3306 201 3365 inomni
217 3318 289 3364 terro
304 3316 395 3379 portes
419 3308 491 3377 dne,
515 3311 540 3363 et
563 3306 762 3378 disperdentur,
782 3309 808 3362 et
832 3303 902 3374 dell·
958 3307 1117 3365 divisiones
1133 3309 1296 3383 gratiarum
1313 3311 1442 3383 Spiritus
1464 3310 1569 3376 sancti,
1591 3308 1791 3365 revelationes

78 3395 164 3465 ciant,
188 3400 215 3452 et
239 3396 322 3453 tertia
348 3413 414 3470 pars
437 3399 610 3469 relinquetur
624 3398 653 3452 in
677 3395 828 3462 adducam
847 3399 900 3451 ter·
958 3398 1163 3472 mysteriorum
1181 3402 1262 3474 regni
1280 3399 1341 3468 liei,
1358 3418 1422 3473 qua
1437 3397 1670 3473 pretiosaspolia
1684 3398 1791 3470 utique

78 3488 149 3542 tiam
164 3496 270 3559 partem
284 3503 334 3559 per
349 3488 451 3560 ianam,
462 3496 493 3542 nt
503 3503 585 3543 uram
600 3501 644 3543 eos
657 3489 728 3542 sicat
746 3487 841 3541 uritur
857 3501 906 3540 att·
956 3495 1036 3544 aunt.
1058 3490 1139 3545 Unde
1165 3490 1342 3547 psalmista:
1360 3490 1482 3546 Latabor
1512 3505 1561 3560 epo
1575 3504 1661 3560 super
1673 3488 1789 3562 eloquia

79 3580 190 3647 mmet
203 3578 321 3649 protana
336 3579 408 3633 sicat
421 3576 900 3649 probatararpentam.l>ostquam
956 3582 1003 3633 tna
1028 3579 1101 3634 sicat
1124 3581 1174 3653 qni
1200 3579 1305 3637 inuenit
1330 3581 1419 3651 spotia
1440 3580 1529 3636 multa
1557 3579 1641 3651 (Psat.
1671 3579 1787 3650 cxvttt).

80 3682 239 3740 percussus
270 3666 357 3723 luerit
372 3671 481 3740 pastor,
507 3672 535 3722 et
547 3665 735 3739 pastoreipso
748 3665 859 3722 volente
873 3668 901 3720 et
956 3669 1044 3724 itam:
1063 3669 1118 3724 lien
1131 3671 1265 3725 virtutum
1279 3668 1383 3737 dilecti,
1403 3668 1507 3739 dilecti,
1523 3675 1549 3724 et
1559 3665 1664 3741 speciei
1686 3666 1791 3725 domus

80 3756 213 3814 dicente:
241 3757 275 3813 Si
297 3772 360 3828 erpo
398 3772 441 3814 me
469 3758 606 3829 querulis,
635 3755 723 3812 sinite
749 3755 797 3810 laos
825 3754 902 3810 abire
954 3757 1178 3828 deciderespotia
1191 3759 1279 3830 (Psal.
1294 3759 1391 3831 utun).
1407 3759 1565 3831 Sequitur:

78 3846 167 3934 (loon.
182 3846 274 3918 xant).
290 3846 546 3918 disparsalnerint
561 3861 641 3913 oves,
655 3848 821 3910 convertam,
846 3842 897 3908 ait,
990 3847 1672 3922 Gna.XlV.-«btcongregaboomnesgentesad
1682 3844 1789 3903 illeru-

71 3949 188 3991 manam
204 3951 293 3992 meam
307 3935 342 3990 od
352 3936 489 4007 paruulos,
507 3935 534 3990 id
551 3941 606 4000 est,
621 3933 752 3989 revelabo
766 3931 895 4004 pernulis
954 3935 1045 3992 salem
1058 3938 1088 3992 in
1105 3937 1279 4009 preliumpt
1290 3937 1424 4010 capietur
1434 3938 1577 4005 civitatem
1587 3935 1785 3992 vastabuntur

1 4044 2 4048 ¹
76 4025 897 4095 sacramentumpercussionis‚quapercussusaatpastor.
953 4025 1103 4092 damnaei
1119 4025 1255 4082 mulieres
1264 4026 1495 4097 violabuntur,et
1509 4026 1677 4096 egredietur
1688 4026 1790 4082 media

77 4114 298 4186 Ilruntquidam
314 4114 343 4169 io
356 4114 435 4168 omni
449 4120 524 4169 tarra
541 4124 643 4184 prater
653 4110 789 4185 parvulos
803 4119 900 4183 partas
954 4130 1020 4187 pars
1028 4113 1186 4170 ciuitatisin
1195 4115 1437 4184 captivandorum
1452 4116 1598 4187 reliquum
1615 4113 1714 4187 populi
1726 4131 1787 4170 non

14 4230 17 4235 ·
77 4203 215 4273 damona
229 4220 296 4277 pars
311 4202 531 4273 sapientiarum
548 4217 685 4274 unapars
700 4200 898 4272 prudentium,
953 4205 1140 4260 aufereturex
1155 4210 1235 4261 urbe.
1247 4205 1452 4277 depretiatur
1470 4207 1658 4271 lincolnensi
1668 4204 1786 4276 pratia·

77 4291 106 4348 ld
124 4299 168 4349 ast
184 4310 242 4349 tana
260 4309 326 4365 para
339 4292 514 4353 iudeorum.
533 4298 630 4347 etuna
646 4291 852 4364 peregentinm
869 4290 899 4345 ia
953 4293 1033 4349 bitur
1048 4300 1148 4349 cotttra
1164 4300 1267 4366 gentes
1284 4295 1361 4360 illae.
1378 4297 1454 4353 sicut
1471 4295 1620 4369 preliatus
1634 4300 1680 4350 est
1693 4293 1726 4348 in
1739 4294 1788 4349 dia

78 4399 132 4439 aua
147 4384 293 4454 sapientia
308 4380 528 4445 confidentium.
546 4381 574 4435 ln
595 4396 648 4434 sun
665 4379 821 4450 prudentia
841 4377 897 4434 sibl
952 4383 1151 4440 certaminis.»
1164 4381 1323 4450 libidine«
1339 4390 1369 4441 et
1381 4391 1548 4442 convertam
1559 4399 1785 4439 manummsatn

76 4470 265 4542 placentium.
282 4466 364 4525 Unde
387 4473 414 4523 et
444 4468 507 4539 ipse
538 4482 691 4538 percussas
719 4471 819 4538 pastor
838 4467 899 4522 sive
916 4473 989 4566 Ded
1020 4472 1166 4544 parvulos,
1192 4480 1221 4530 et
1246 4474 1379 4531 arentin
1396 4474 1648 4531 omnicotendus}
1673 4479 1785 4544 pastas,

75 4558 202 4633 pastoris
218 4557 368 4629 percussio
383 4556 493 4613 Judais
511 4556 629 4628 quidem
642 4555 900 4628 scandalum,gen·
954 4567 984 4618 et
995 4561 1080 4618 tertia
1108 4580 1174 4631 pars
1194 4564 1387 4638 relinquetur.
1403 4586 1417 4615 s
1434 4563 1490 4621 boo
1504 4563 1592 4619 etiam
1612 4562 1730 4618 locutus
1746 4559 1785 4619 da

77 4649 157 4704 tibus
168 4658 267 4702 autem
283 4644 408 4703 stultitia
423 4647 803 4716 erit.Dnae,innuam‚partet
817 4651 900 4702 erunt
954 4651 1072 4707 duabus
1097 4653 1242 4725 partibus,
1259 4660 1285 4710 et
1298 4652 1491 4724 disperdentur
1502 4657 1529 4709 et
1542 4651 1680 4723 deficient.
1697 4653 1783 4706 Nune

77 4736 899 4810 unasapientium,ctunaprudentiumejusmodi‚sed
954 4741 1099 4811 quomodo
1128 4741 1337 4814 disperdantur
1368 4749 1398 4799 et
1425 4741 1574 4806 delloiant,
1603 4742 1644 4798 ita
1682 4739 1782 4795 mani·

78 4825 405 4900 egoctasepientibus
430 4826 702 4899 staprudentibua
725 4824 901 4881 abscondam
955 4828 1128 4899 laetodioit,
1159 4831 1236 4887 sicat
1275 4832 1388 4886 laetum
1418 4847 1481 4887 esse
1515 4831 1648 4886 videmus
1685 4825 1784 4884 ocalla

78 4914 151 4983 baa,
167 4922 193 4972 at
211 4915 344 4971 revelabo
360 4916 490 4988 parvulis
510 4914 616 4985 (llattb.
632 4914 683 4984 at),
699 4911 727 4968 id
743 4919 788 4968 est
803 4912 900 4968 bumi-
956 4919 1074 4975 nostris.
1089 4919 1162 4976 Nam
1179 4918 1320 4976 adversus
1336 4919 1519 4977 Hierusalem
1530 4919 1612 4975 lllam
1624 4925 1783 4985 terrenam,

78 5000 167 5058 libus.
184 5005 257 5070 Quid
274 5004 407 5060 revelabo
426 5004 491 5061 eis?
507 5004 651 5060 Nimirum
673 5009 819 5073 pastorem
837 5017 903 5074 per·
955 5004 1137 5082 congregata
1150 5019 1220 5065 sunt
1236 5010 1264 5065 in
1283 5010 1416 5082 pralium
1430 5027 1532 5066 omnes
1543 5015 1656 5082 gentas,
1672 5006 1788 5063 scilicet

77 5091 293 5156 cussumidest
305 5093 451 5150 Christum
467 5094 569 5150 lesum
586 5092 759 5149 crucifixum
776 5108 840 5148 esse
852 5092 901 5149 Dei
955 5097 1077 5154 Romans
1093 5099 1227 5154 omnium
1256 5099 1391 5172 gentium
1411 5101 1568 5173 principes,
1581 5107 1608 5153 et
1633 5106 1717 5168 capta
1741 5100 1788 5153 est

76 5179 257 5250 eistetenses
272 5182 319 5239 bei
332 5183 507 5255 sapientiam
523 5180 903 5254 Disperdenturprudentes
955 5187 1068 5252 civitas,
1085 5194 1114 5243 ot
1130 5193 1248 5242 vastata
1274 5195 1347 5244 sunt
1360 5192 1478 5258 domus,
1506 5195 1535 5244 et
1555 5187 1694 5244 mulieres
1722 5186 1790 5241 sina

76 5273 169 5328 luda-t
186 5272 214 5327 in
236 5290 341 5330 omnes
363 5279 476 5345 pentes,
493 5288 612 5345 corpore
628 5276 656 5326 et
670 5271 779 5340 anima,
796 5272 902 5344 captivi
955 5276 1291 5342 dubioviotataeaunt‚ut
1305 5276 1380 5335 solet
1396 5278 1456 5333 tlert
1467 5294 1518 5350 pro
1531 5277 1616 5331 libitu
1630 5277 1790 5342 victorum,

78 5360 217 5418 delicient
231 5363 379 5435 sapientes
391 5359 724 5428 Graeoi‚oontradicendo
735 5361 796 5416 sive
808 5378 903 5430 perse·
955 5370 983 5421 at
1000 5363 1097 5421 media
1109 5382 1176 5436 pars
1192 5365 1330 5430 civitatis,
1343 5366 1554 5439 videbantque
1570 5365 1669 5439 gladio
1683 5380 1790 5436 supet·-

80 5452 197 5524 quendo
221 5452 344 5523 latigati,
362 5452 490 5508 ettcctia
516 5467 583 5524 pars
609 5447 792 5520 relinquatur
810 5449 840 5506 la
856 5466 901 5523 eo,
954 5452 1022 5522 luit,
1051 5455 1081 5510 in
1106 5455 1307 5524 captivitatem
1332 5472 1452 5530 egressa
1478 5463 1534 5512 est.
1550 5455 1586 5511 bt
1609 5454 1791 5526 notandum,

80 5556 148 5614 pars
168 5540 344 5611 Christiana,
362 5559 428 5617 pars
443 5543 643 5615 parvulorum,
658 5540 695 5596 ad
711 5539 902 5614 octonalium
956 5543 1034 5618 baed
1051 5561 1109 5601 non
1122 5545 1196 5602 dixit
1212 5547 1309 5622 medta
1325 5562 1391 5621 pata
1409 5544 1677 5615 multitudiuls‚acd
1688 5542 1793 5605 media
