3826 6014
155 225 216 288 'tte
686 222 861 289 adeunti
885 218 1054 284 ineatis
1077 219 1313 285 TUlTlENSlS.
1800 221 1864 283 ‘lbb

157 362 283 418 rendum
302 362 359 418 est.
378 360 538 418 Confestim
562 361 689 419 occurrit
711 360 781 417 illud
806 359 837 416 in
866 358 979 416 Psalmo
993 357 1022 427 Α
1036 372 1093 431 que
1107 356 1244 414 hostibus
1260 357 1446 415 vehementer
1461 353 1565 413 alllixit
1579 371 1640 413 eos.
1655 356 1694 412 bi
1708 358 1861 414 remism-
1900 386 1905 411 t

163 451 286 520 dietum,
329 450 449 524 spirituc
482 451 581 508 uadens
614 462 639 509 et
671 468 726 509 non
755 450 862 508 rediens
892 449 977 522 (Paul.
1037 447 1183 522 porcille,
1200 449 1236 504 de
1254 463 1312 521 quo
1328 447 1376 504 bio
1402 463 1503 504 sermo
1518 451 1572 517 est,
1590 444 1720 517 amplius
1745 447 1860 513 leserat,
1902 434 1905 497 l

159 541 275 612 auxen),
288 541 356 609 quia
372 557 493 597 sensum
510 541 565 598 hoc
580 546 608 597 el
624 541 695 597 illud
712 540 821 597 babent
840 540 978 607 similem,

157 631 231 687 sicut
247 629 374 686 sonitum
387 630 542 687 litteralem
557 647 629 703 pene
639 632 784 686 eumdem.
797 630 869 686 Nam
879 629 980 686 uadens

158 722 184 776 et
199 718 317 784 redient,
333 720 403 791 quid
421 720 500 775 allud
517 733 571 788 est,
588 738 675 794 quum
691 721 833 776 transiens
848 726 873 776 et
887 735 980 775 rever·

158 813 217 865 tens
231 808 245 865 i
264 808 352 864 Porro
369 809 429 864 illie
445 810 569 882 spiritus
581 811 678 866 aarum
694 818 720 866 et
731 826 785 866 nou
796 809 914 875 rediens,
928 809 980 864 boc

160 902 205 954 est
215 898 243 953 in
257 898 365 954 malum
379 899 560 965 cadmaeis
572 903 649 956 mato
659 916 713 957 noa
727 916 893 972 resurgens.
906 899 980 971 Ergo

159 994 188 1045 et
205 988 262 1055 bio,
278 1004 308 1045 eo
324 988 396 1062 quod
410 1005 464 1045 uon
484 999 554 1046 esset
571 989 709 1045 transiens
724 1000 749 1045 et
764 994 911 1059 revertens,
927 987 982 1044 hoc

162 1083 206 1135 eal
218 1094 251 1133 eo
267 1080 340 1150 quod
360 1094 417 1134 nou
433 1084 511 1135 esset
525 1080 620 1134 debis
634 1082 857 1135 transeuntibus
872 1078 901 1132 iu
920 1094 981 1132 ma-

160 1164 234 1236 lum,
251 1168 300 1239 qui
318 1174 510 1224 reverteretur
524 1167 552 1222 in
576 1168 697 1237 bouum,
709 1172 784 1224 terra
805 1168 929 1224 desolata
944 1176 984 1223 eu

57 1266 60 1271 '
162 1256 258 1313 abeis.
272 1256 344 1312 Nam
361 1273 411 1313 cor
427 1257 623 1328 impaenitens,
639 1260 715 1330 quod
732 1273 821 1328 supra
836 1257 983 1313 denotauit

164 1347 297 1414 dicendo,
312 1351 338 1403 et
351 1363 399 1403 cor
413 1363 492 1403 suum
507 1351 659 1417 prosuerunt
673 1349 860 1415 adamantem,
871 1350 897 1402 et
906 1363 984 1403 orrer-

161 1434 403 1507 teruatecupulam
420 1436 587 1493 recedentem
617 1452 711 1492 nouae
735 1452 825 1492 eausa
847 1442 892 1493 est
913 1436 984 1492 satis

1036 538 1176 610 quianon
1192 537 1221 592 in
1246 542 1323 593 terra
1346 553 1401 593 sua
1414 537 1618 605 consistentes,
1634 536 1858 594 servierautba·
1903 590 1905 597 .

1035 629 1172 704 byloniis‚
1190 629 1240 685 sed
1256 628 1389 685 desoluto
1404 632 1433 685 et
1445 628 1539 700 posita
1563 627 1591 683 iu
1617 627 1768 683 desertum
1785 634 1855 684 terra

1035 718 1233 786 desiderabili,
1250 719 1320 774 tenti
1334 719 1451 774 luerunt
1466 733 1517 790 per
1528 717 1716 790 septuaginta
1727 717 1855 774 annusiu

1036 807 1184 881 Babylone
1200 807 1317 878 captiui.
1334 807 1420 863 Recte
1431 822 1499 880 ergo
1510 823 1566 862 non
1578 813 1732 863 contentus
1743 805 1858 880 dixisse,

1037 901 1148 956 Zeiratur
1160 915 1221 953 sum
1234 896 1302 953 Sion
1327 897 1385 952 uelo
1399 912 1512 969 mopno,
1534 896 1658 961 addidit,
1673 900 1704 951 et
1729 894 1857 968 indipnu·

1037 989 1112 1045 tione
1128 1004 1231 1055 mapna
1249 986 1355 1041 uelatus
1369 1000 1430 1040 sum
1444 1000 1514 1040 eam.
1531 984 1566 1039 Hi
1584 993 1629 1039 est
1649 999 1780 1041 sensus:
1800 983 1857 1041 lion

1039 1075 1134 1134 solum
1152 1076 1249 1130 taliter
1263 1073 1375 1129 zelatus
1390 1088 1467 1140 sum,
1484 1074 1516 1127 ut
1529 1087 1579 1128 eos
1595 1069 1715 1126 servitui
1735 1070 1858 1141 subjice·

1041 1169 1104 1222 rent
1118 1165 1244 1221 adverse
1257 1171 1368 1235 gentes,
1380 1161 1456 1233 quod
1469 1176 1544 1234 sepe
1556 1163 1728 1228 tactumest,
1740 1158 1804 1227 sed,
1813 1160 1860 1216 ed·

1041 1255 1101 1312 dita
1127 1270 1193 1310 cum
1218 1255 1278 1309 zelo
1301 1251 1495 1321 iudipnatione
1521 1267 1632 1322 mapua,
1656 1255 1764 1306 terram
1788 1265 1860 1321 quo·

1040 1348 1131 1413 quest
1141 1343 1237 1399 locum
1250 1342 1367 1397 nomine
1380 1358 1444 1397 meo
1454 1340 1671 1396 sanctiticatam
1687 1337 1746 1395 illis
1757 1337 1859 1395 abstuli

1041 1440 1070 1490 et
1085 1434 1144 1505 igni
1162 1431 1339 1503 Babylonico
1354 1429 1474 1499 tradidi,
1490 1430 1566 1502 qaod
1590 1430 1733 1486 bactenus
1754 1429 1858 1484 lactum
1903 1418 1905 1425 ’

162 1525 303 1597 justitiam
315 1525 440 1581 vindicis
452 1527 499 1581 ire
511 1526 682 1594 defendens,
691 1529 760 1580 stad
769 1526 983 1582 defendendum
1042 1539 1100 1579 non
1112 1527 1165 1578 est.
1182 1520 1300 1589 Quaere?
1317 1519 1466 1585 Videlicet,
1483 1520 1621 1591 quianon
1635 1516 1732 1573 solum
1745 1521 1782 1572 ut
1794 1515 1857 1571 alim

164 1613 421 1671 suchieus?Vere
436 1614 525 1687 igitur
537 1614 591 1686 ipsi
607 1618 714 1671 terram
726 1624 925 1682 suam,terram
936 1614 984 1671 de·
1045 1611 1347 1682 medereliuquentea,
1363 1610 1433 1665 deos
1453 1608 1564 1664 alienos
1583 1606 1746 1672 coluerunt,
1763 1621 1857 1662 nerum

165 1702 341 1760 siderabitem
353 1712 505 1775 posueram
519 1705 550 1760 iu
564 1704 702 1761 decertum
717 1709 745 1760 et
755 1705 789 1761 ab
803 1705 846 1761 eis
865 1705 985 1762 desolata
1008 1728 1029 1795 Β
1045 1702 1131 1758 etiam
1148 1700 1302 1772 propbetas
1318 1698 1495 1767 occiderunt,
1509 1706 1536 1754 et
1550 1696 1676 1754 multum
1687 1695 1857 1768 sauguinem

165 1798 216 1864 ert,
232 1809 261 1850 co
276 1793 348 1866 quod
363 1809 418 1850 nou
443 1801 513 1851 earet
527 1796 665 1851 transiens
679 1799 707 1851 et
727 1800 874 1867 revertens,
890 1797 918 1852 id
946 1809 990 1855 esa
1047 1789 1232 1847 innocentem
1248 1788 1423 1844 effuderunt.
1435 1786 1520 1843 Zelus
1536 1786 1584 1843 ille
1598 1802 1727 1859 maguus
1740 1789 1772 1842 et
1792 1784 1861 1842 indi·

169 1898 221 1957 per
235 1883 264 1939 id
281 1883 358 1956 quod
370 1901 437 1940 cum
449 1899 551 1940 omnes
562 1888 911 1958 transgressoresessent,
923 1887 988 1944 nul·
1047 1881 1147 1955 gualli)
1160 1895 1268 1952 11188ῡὸ
1282 1894 1334 1950 per
1344 1879 1459 1948 justum
1474 1877 1552 1932 Vinii
1566 1876 1722 1949 iudicium·
1738 1879 1779 1931 Αῑ
1792 1890 1860 1932 ⁰⁰⁰⁰

168 1971 286 2030 luserat
296 1979 345 2028 sut
355 1973 403 2029 uix
413 1972 490 2030 ullus
500 1979 562 2030 erat
572 1978 771 2047 transgressor
783 1976 818 2031 de
829 1981 991 2050 transgres-
1047 1971 1124 2027 idem
1143 1970 1275 2025 Dvmt'mtt
1289 1967 1441 2024 exercitum
1455 1965 1596 2033 militib
1607 1964 1795 2037 ῦΰῦῡῦᾶἱῑῦῑ,
1805 1980 1860 2038 <1¹¹³

169 2062 252 2121 sione
266 2081 320 2120 aaa
335 2064 533 2136 poenitentiam
548 2079 649 2135 agens.
1049 2059 1254 2115 misericordie
1270 2062 1349 2127 sunt,
1366 2072 1488 2123 memor,
1505 2056 1580 2129 quud
1594 2056 1709 2126 juravit
1724 2056 1753 2111 iu
1769 2062 1860 2112 sencio

206 2152 272 2208 cap.
289 2153 361 2208 Vltt,
374 2183 406 2194 -
417 2153 552 2223 Sequitur
568 2169 575 2208 ς
592 2154 654 2210 Haee
667 2153 737 2209 dicit
756 2154 889 2210 dominae
904 2171 989 2211 exer·
1048 2166 1101 2206 suo
1115 2148 1232 2203 laetatus
1250 2147 1356 2203 navia:
1377 2148 1493 2202 visitato
1508 2148 1536 2201 in
1552 2144 1631 2216 cispa
1647 2143 1813 2215 inipuitutea
1823 2160 1861 2202 ct·

168 2240 284 2298 rituum.
310 2241 419 2298 Zelatua
433 2259 495 2297 sum
514 2242 579 2298 Sion
594 2244 652 2299 uelo
676 2259 788 2314 mnpno.
809 2248 835 2299 et
854 2246 989 2313 indipuu·
1047 2258 1119 2305 rum,
1135 2244 1160 2295 el
1176 2241 1206 2295 iu
1228 2239 1385 2294 virbeillm
1405 2241 1514 2307 limata
1532 2252 1625 2292 mim
1648 2236 1861 2293 mflssil'wl'dlill

169 2329 246 2387 tione
267 2347 368 2400 mapna
384 2332 489 2387 uelatus
511 2348 571 2387 rum
591 2350 662 2389 eant.
679 2334 742 2390 Haec
765 2333 835 2390 dicit
858 2334 990 2390 domiuus
1047 2336 1138 2386 autem
1152 2345 1208 2386 nou
1230 2328 1384 2399 dispeream
1406 2326 1440 2382 ab
1455 2341 1485 2382 eo
1500 2326 1584 2394 (Paul.
1601 2325 1749 2398 excursu).
1766 2328 1861 2384 uouer-

167 2422 341 2477 eeercituum
351 2438 360 2477 :
372 2421 501 2477 Reuersus
511 2422 618 2478 eumad
628 2422 706 2486 Sion,
721 2430 746 2479 et
758 2423 886 2481 habitabo
898 2429 927 2481 in
937 2439 991 2480 me·
1046 2437 1093 2477 cuc
1104 2437 1167 2476 sum
1181 2420 1218 2475 ad
1231 2418 1308 2488 bion,
1318 2419 1453 2474 videlicet
1466 2417 1496 2472 in
1511 2433 1556 2485 eo,
1567 2422 1600 2473 ut
1616 2417 1724 2473 iterum
1740 2418 1860 2474 aedibus·

169 2509 215 2565 dio
230 2510 401 2566 Hierusalem
416 2519 442 2567 ct
456 2512 598 2567 vocabitur
616 2512 788 2570 Hierusalem
802 2516 901 2571 ciuitas
922 2512 992 2572 ucri·
1047 2535 1095 2587 pur
1110 2529 1174 2597 ip„
1189 2529 1327 2583 cretenses
1342 2525 1484 2597 temptum
1499 2524 1707 2581 repetitionum
1718 2533 1771 2583 031,
1784 2530 1863 2582 [2092.

171 2600 246 2668 tatis,
262 2604 288 2655 et
302 2615 379 2655 mone
392 2600 989 2675 llorniniexercituam,monssauclificatus.
1049 2621 1167 2675 modum
1184 2616 1298 2672 ventam
1321 2621 1347 2672 et
1366 2615 1493 2671 tristinen
1515 2617 1546 2671 in
1567 2614 1657 2671 medio
1681 2614 1862 2683 Hermetem,

171 2690 235 2747 ttae
248 2688 314 2746 ‘sicil
336 2691 468 2747 ”Omittit
491 2696 664 2748 ‘dirmidium
677 2711 687 2748 ·'
711 2693 805 2749 Mlti
827 2695 993 2751 labllssltml
1048 2707 1159 2764 scilicet
1175 2706 1261 2762 bomo
1275 2702 1550 2776 instantissimae
1563 2702 1864 2769 Hierusalemetom·

172 2795 250 2837 serres
264 2789 290 2837 et
306 2797 377 2836 anua
393 2782 423 2836 iu
436 2782 538 2853 plateis
553 2784 738 2850 Hierusalem,
754 2796 779 2840 et
802 2786 861 2841 ciri
879 2784 992 2842 baculus
1049 2791 1094 2847 nis
1105 2791 1154 2863 qui
1166 2789 1259 2860 legem
1272 2793 1302 2843 et
1323 2789 1438 2843 verbum
1451 2786 1579 2853 Domini,
1590 2786 1668 2859 quod
1679 2786 1718 2842 de
1737 2785 1864 2858 ipsasci-

171 2871 203 2926 iu
224 2886 308 2926 manu
327 2875 389 2944 ejus
414 2887 472 2942 pra
495 2871 678 2929 multitudiue
703 2873 821 2932 dierum.
847 2875 992 2931 Hactenus
1049 2879 1100 2944 bit,
1112 2875 1614 2939 nuniuoredulusaudierit,dicatet
1623 2875 1864 2932 ueraciterdiosre

172 2961 257 3032 quasi
281 2961 402 3016 ridendo
428 2965 457 3016 et
479 2961 689 3018 subsannando
712 2961 896 3035 loquebatur,
910 2965 994 3033 juxta
1050 2967 1153 3040 possit,
1169 2967 1239 3038 quia
1256 2965 1370 3022 Verbum
1386 2980 1451 3019 euro
1467 2964 1573 3034 [cretum
1587 2972 1626 3021 est
1646 2973 1672 3019 et
1684 2963 1822 3020 habitauit
1841 2964 1863 3020 iu

176 3052 252 3120 quod
264 3048 413 3119 Sapientia
423 3047 531 3103 talibus
546 3050 636 3104 dreit:
653 3050 706 3121 Hpo
714 3067 818 3122 quoque
831 3051 861 3107 iu
879 3053 993 3109 interitu
1050 3057 1142 3121 nciliis,
1161 3060 1186 3112 et
1207 3056 1325 3111 uidimus
1342 3053 1460 3124 plorinm
1482 3056 1562 3126 quasi
1580 3053 1759 3125 unipenitia
1780 3054 1865 3120 Putre,

173 3146 262 3192 uestro
277 3136 381 3204 ridebo,
397 3140 424 3190 et
447 3138 623 3193 subsannabo
646 3155 708 3193 cum
723 3140 797 3194 cocu
812 3141 842 3195 id
865 3142 935 3213 puod
958 3145 993 3199 ti·
1050 3148 1163 3219 plenum
1177 3149 1278 3217 protiae
1293 3152 1319 3199 et
1333 3144 1457 3199 ueritatis
1472 3144 1562 3211 (istan.
1577 3144 1596 3213 ι)
1614 3144 1739 3199 Perinde
1750 3152 1778 3200 et
1799 3157 1866 3200 coru·

173 3224 290 3280 mebatis
304 3225 448 3281 redemerit
466 3227 557 3285 tProc.
575 3228 605 3298 t),
622 3245 698 3283 nune
723 3230 855 3301 deposito
880 3232 940 3286 risu
965 3238 993 3288 et
1053 3236 1139 3302 bitur,
1155 3242 1206 3296 att.
1222 3235 1394 3290 Hierusalem
1409 3237 1506 3289 cacitas
1519 3232 1655 3298 veritalis,
1671 3232 1808 3289 videlieet
1822 3246 1865 3304 pru

176 3311 406 3368 subsannatione
422 3323 543 3385 semota,
559 3319 686 3388 gloriosa
701 3319 770 3373 dicit
785 3319 820 3374 de
836 3325 875 3384 te,
891 3337 907 3376 o
922 3321 992 3377 Sion
1052 3333 1132 3398 parte
1148 3325 1318 3386 electorum,
1336 3325 1556 3395 prophetarum,
1570 3328 1657 3392 atque
1672 3323 1864 3393 apostolorum

177 3399 279 3457 civitas
296 3401 354 3470 Dei,
370 3404 456 3473 euius
473 3421 539 3476 pars
556 3423 612 3461 nou
625 3407 690 3463 vilis
705 3417 752 3462 aut
764 3425 852 3479 parva
866 3416 929 3464 erut
945 3409 994 3465 itta
1050 3423 1080 3470 et
1092 3416 1225 3470 omnium
1240 3418 1401 3483 justorum,
1413 3413 1463 3485 qui
1475 3428 1508 3467 en
1521 3409 1570 3467 illa
1584 3419 1670 3484 gente
1686 3405 1865 3480 tuscanensi

174 3505 238 3562 quae
252 3496 323 3545 tuuc
339 3492 570 3550 reedillcabatur
584 3494 763 3552 Hierusalem
773 3500 930 3566 terrestris,
947 3513 994 3554 ee·
1051 3510 1130 3573 aaut,
1147 3503 1191 3559 uel
1205 3509 1302 3569 erunt,
1320 3518 1441 3567 auorum
1460 3502 1494 3556 de
1504 3517 1591 3557 earne
1603 3500 1696 3556 haimo
1714 3501 1872 3559 iactusiu·

173 3582 302 3638 cundum
319 3582 501 3654 electionem,
518 3603 580 3657 ques
596 3587 632 3643 de
652 3594 738 3661 gente
754 3588 803 3645 illa
827 3594 888 3647 erat
912 3608 994 3648 assu·
1052 3595 1143 3651 bitabo
1159 3595 1186 3648 in
1203 3593 1291 3648 medio
1306 3592 1488 3656 Hierusalem,
1504 3593 1582 3647 unde
1597 3597 1626 3647 et
1644 3592 1711 3663 ipsa
1732 3589 1867 3648 recubitet

173 3673 290 3740 menda,
301 3677 486 3746 maximeque
501 3685 617 3748 propter
629 3677 806 3750 implendum
824 3682 993 3753 promissio·
1051 3691 1080 3741 et
1091 3685 1147 3738 snit
1158 3684 1254 3739 ciuitas
1269 3680 1404 3749 ueritatis,
1419 3681 1501 3735 idest
1514 3681 1616 3736 civitas
1630 3679 1673 3735 rel
1691 3690 1780 3749 terra,
1799 3678 1867 3735 unde

174 3777 241 3819 nem
258 3763 362 3819 exinde
372 3765 511 3820 nascituri
521 3772 550 3821 et
561 3767 709 3839 regnaturi
720 3769 748 3823 in
762 3770 905 3826 terristi
917 3770 994 3844 regis
1050 3771 1156 3828 veritas
1171 3772 1240 3826 oriri
1256 3770 1377 3843 dignata
1393 3770 1441 3839 sit,
1450 3770 1534 3841 juxta
1546 3771 1620 3840 quod
1636 3769 1800 3827 Psalmista
1810 3784 1871 3842 pre-

174 3852 283 3908 eterui.
309 3853 419 3909 Zelatur
437 3870 510 3920 cum,
535 3854 585 3919 ait,
602 3856 669 3912 Sion
694 3858 753 3913 uelo
774 3874 885 3927 mapno.
909 3859 996 3917 Zelus
1051 3862 1139 3917 dixit:
1157 3861 1260 3916 Veritas
1274 3859 1307 3916 de
1330 3872 1403 3916 terra
1426 3863 1487 3915 ortu
1506 3864 1557 3930 est,
1572 3863 1598 3916 ct
1617 3860 1732 3931 justitia
1751 3860 1788 3915 de
1810 3860 1871 3916 cult

176 3938 294 3997 Domini
310 3940 405 3997 bouus
416 3947 460 3997 est
471 3942 592 4016 diligere
603 3944 747 4012 homiues,
758 3950 786 4001 et
797 3946 996 4003 odiesehomi-
1050 3952 1188 4020 prospexit
1202 3950 1290 4014 (Paul.
1308 3949 1428 4015 manre).
1452 3947 1536 4003 Hecto
1560 3947 1650 4018 igitur
1675 3948 1823 4003 venabitur
1835 3948 1870 4004 ci·

175 4046 244 4084 uum
256 4029 336 4086 vitia.
347 4033 409 4097 Quo
420 4037 520 4086 contra
531 4033 611 4089 zelus
624 4034 731 4090 diaboli
744 4035 890 4091 malusest
899 4036 995 4093 odisse
1050 4035 1871 4098 uitanueritatisetmonsHomtuieeereituum‚marrrrsunetr‘·

175 4117 321 4183 homines,
337 4122 366 4172 et
383 4136 481 4175 amare
497 4120 650 4179 bominum
674 4123 753 4179 vitia.
767 4126 911 4181 Hineerat
922 4124 994 4181 illud
1050 4127 1159 4198 protus.
1173 4127 1209 4181 de
1221 4142 1279 4197 quo
1295 4126 1428 4180 uidelicet
1444 4131 1543 4180 moute
1562 4125 1656 4181 mults
1677 4125 1705 4179 in
1722 4126 1872 4198 prophetis

176 4207 252 4278 quod
266 4206 344 4261 idem
355 4210 498 4264 Dominus
509 4217 542 4264 ut
554 4211 939 4284 iniquitatescompeseeret,
952 4231 997 4270 eu·
1051 4216 1129 4270 dictu
1144 4221 1223 4281 sunt,
1240 4218 1273 4270 ut
1287 4221 1331 4269 est
1341 4213 1412 4269 illud
1430 4213 1508 4284 arrad
1523 4214 1627 4270 laniem
1640 4216 1701 4270 eive
1711 4216 1872 4272 utranam.

177 4295 300 4367 plivitati
319 4297 480 4352 tradiderat
496 4298 639 4369 homines,
655 4307 683 4356 et
698 4302 827 4359 civitates
842 4304 910 4360 Sion
928 4320 994 4359 eum
1056 4305 1340 4372 Venire,ascendamue
1355 4304 1390 4359 od
1405 4317 1523 4360 montem
1540 4306 1659 4369 donnini,
1674 4311 1701 4362 et
1711 4306 1747 4362 ad
1761 4307 1873 4364 aeman

175 4383 285 4455 templo
301 4384 366 4455 igue
377 4385 554 4459 conflagrata
568 4393 622 4444 est.
635 4389 758 4462 Magnus
775 4392 822 4447 bic
837 4393 997 4466 utiqueex-
1055 4392 1196 4449 Drilucob
1219 4395 1286 4464 (isa.
1303 4410 1341 4460 u;
1358 4395 1427 4449 Hieta
1454 4396 1503 4466 av),
1525 4400 1579 4448 etc.
1607 4399 1694 4450 Porro
1722 4395 1786 4452 bace
1812 4400 1875 4466 pr'o·

178 4474 252 4530 stitit
266 4472 398 4546 angelus,
417 4493 474 4530 non
491 4492 609 4548 parcere
624 4494 677 4532 suo
692 4482 799 4552 templo
823 4487 851 4537 et
876 4483 998 4554 proprie
1012 4476 1038 4543 D
1054 4484 1140 4540 misen
1154 4484 1320 4556 spiritualia
1335 4490 1415 4553 strat,
1427 4490 1455 4539 et
1466 4484 1669 4555 spiritualibus
1684 4486 1875 4553 conveniunt,

178 4562 363 4627 civitati,non
375 4565 536 4636 pepercisse
547 4565 639 4638 genti,
649 4569 726 4639 apud
740 4573 999 4641 quamsolamerat
1052 4591 1085 4630 ac
1100 4573 1303 4629 desiderabilia
1320 4580 1398 4628 sunt.
1416 4572 1460 4629 tttt
1471 4580 1567 4628 autem
1582 4574 1617 4629 ad
1630 4591 1705 4646 quos
1716 4591 1816 4633 sermo
1829 4576 1878 4632 lle·

177 4652 281 4709 notitia
297 4654 422 4710 nominis
438 4655 494 4710 sui.
511 4656 542 4710 lit
556 4673 611 4712 non
631 4662 680 4725 est,
698 4662 738 4716 ait
762 4660 929 4731 Hieremias,
954 4676 999 4717 re·
1053 4668 1101 4720 bat
1116 4665 1248 4720 cannales
1262 4670 1344 4719 eruut
1359 4668 1388 4719 et
1412 4663 1542 4719 carnalia
1562 4665 1781 4733 desiderabant,
1800 4668 1878 4724 sieut

177 4745 308 4801 cordatus
322 4745 435 4801 scabelli
449 4745 549 4813 pedum
573 4763 687 4804 suoram
712 4751 742 4805 iu
765 4749 810 4806 die
828 4753 933 4831 suroris
954 4752 999 4808 sui
1048 4756 1111 4828 jam
1127 4755 1357 4810 demonstratum
1380 4760 1425 4810 est
1439 4771 1472 4810 ex
1489 4753 1539 4810 illa
1563 4755 1692 4824 ipsorum
1708 4754 1878 4831 interroga·

177 4835 289 4903 (ibren.
305 4833 536 4905 1).Zelouclatue
558 4853 630 4903 cum,
647 4838 698 4909 ait,
722 4838 789 4896 Sion
811 4841 995 4910 uelomapna.
1052 4845 1141 4913 tione,
1170 4842 1296 4916 nunquid
1318 4842 1438 4914 mudum
1461 4843 1536 4900 mibi
1557 4849 1607 4914 cci,
1634 4844 1676 4899 uei
1699 4848 1879 4918 sanctificare

175 4923 284 4979 Verum
302 4922 356 4980 hoe
372 4923 467 4981 dicere
479 4926 682 4999 superioribus
694 4944 809 5000 quoque
820 4931 997 5000 temporibus
1050 4951 1093 4991 me
1114 4933 1206 4999 debeo,
1230 4932 1302 4989 sicut
1325 4934 1381 5003 teci
1394 4934 1451 5002 iam
1478 4934 1577 4989 multis
1603 4935 1684 4989 anuis
1698 4933 1713 4989 i
1729 4937 1879 4994 Putabeul

176 5013 281 5084 potuit,
293 5013 405 5069 zelatus
419 5030 483 5070 sum
511 5016 618 5088 populo
635 5034 699 5074 meo
711 5015 772 5073 zelo
785 5034 859 5082 meo,
871 5020 996 5089 quoties,

175 5106 208 5156 ui
224 5101 265 5156 ait
280 5101 447 5171 psalmista,
464 5102 554 5161 iratus
568 5108 650 5161 estin
666 5110 763 5180 surore
777 5107 806 5163 in
819 5106 923 5180 populo
937 5125 997 5178 sue,

173 5197 200 5245 et
214 5190 331 5247 tradidit
346 5208 390 5250 eos
405 5195 436 5249 iu
450 5199 679 5264 inrumpentium,
695 5206 720 5251 et
732 5197 868 5253 dominati
878 5207 943 5254 runt
953 5214 997 5256 eo·

176 5295 240 5335 rum
254 5281 304 5353 qui
318 5282 434 5338 oderunt
449 5298 492 5339 eos
504 5285 589 5348 {Prot
607 5286 662 5353 cv),
673 5286 785 5341 scilieet
798 5286 997 5358 blesopotamii

179 5381 205 5426 ot
216 5372 358 5442 Moabitae,
368 5373 533 5435 Cbananaei,
545 5380 573 5430 et
584 5373 758 5442 bludianitae,
771 5382 797 5430 et
809 5376 860 5432 lilii
873 5381 997 5433 Ammon

180 5469 209 5516 et
225 5462 392 5521 Pbilistiim.
410 5466 513 5531 l’otuit,
532 5467 663 5537 inquam,
679 5471 749 5522 tuuc
774 5469 860 5524 etium
882 5469 996 5526 dicere:

181 5552 361 5611 Zeiatussum
372 5555 431 5613 uelo
446 5572 556 5631 mapno,
571 5558 640 5631 quia
650 5556 848 5616 videlicetsub
860 5559 919 5616 illis
929 5575 1000 5632 que

1051 5024 1141 5093 enim,
1161 5021 1268 5078 nullam
1280 5022 1336 5077 sibi
1349 5023 1411 5091 jam
1428 5037 1492 5077 essa
1507 5039 1624 5078 causam
1641 5022 1726 5080 fletus
1737 5023 1781 5080 nel
1796 5026 1877 5097 jeju·

1053 5113 1091 5169 nil
1102 5131 1109 5180 ;
1122 5112 1184 5168 solo
1195 5113 1320 5167 contenti
1337 5111 1444 5184 gaudio
1457 5111 1619 5182 temporali,
1632 5111 1711 5184 quod
1721 5115 1876 5184 videbant,

1052 5202 1149 5258 soluta
1164 5201 1342 5272 captivitate,
1360 5205 1504 5256 terrenam
1520 5201 1665 5257 civitatem
1682 5207 1711 5258 et
1727 5206 1876 5276 templum

1053 5289 1232 5346 reaedificari.
1248 5289 1569 5363 Condeseendensergo
1586 5289 1767 5363 carnalibus,
1778 5310 1878 5352 mame

1053 5382 1180 5445 divinus,
1197 5385 1226 5436 et
1239 5380 1322 5451 quasi
1339 5397 1406 5436 eum
1421 5382 1519 5453 poneris
1532 5388 1563 5436 ut
1573 5398 1622 5437 eos
1632 5385 1762 5440 muleeat
1773 5386 1878 5443 balbu-

1054 5471 1129 5527 tiens
1145 5476 1227 5542 pater
1242 5471 1413 5543 grandevus
1429 5486 1436 5526 z
1453 5471 1559 5537 Adbuc,
1577 5471 1684 5544 iuquit,
1709 5471 1881 5533 inueniant

1053 5564 1166 5617 teneret
1181 5577 1255 5618 auus
1269 5559 1301 5617 in
1313 5559 1415 5634 puteis
1428 5561 1610 5632 Hierusalem,
1620 5570 1646 5618 et
1655 5563 1712 5619 viri
1720 5561 1882 5628 demiseris
