<?xml version="1.0" encoding="UTF-8"?>
<!DOCTYPE html PUBLIC "-//W3C//DTD XHTML 1.0 Transitional//EN"
    "http://www.w3.org/TR/xhtml1/DTD/xhtml1-transitional.dtd">
<html xmlns="http://www.w3.org/1999/xhtml" xml:lang="en" lang="en">
 <head>
  <title>
</title>
<meta http-equiv="Content-Type" content="text/html;charset=utf-8" />
  <meta name='ocr-system' content='tesseract 3.04.00' />
  <meta name='ocr-capabilities' content='ocr_page ocr_carea ocr_par ocr_line ocrx_word'/>
</head>
<body>
  <div class='ocr_page' id='page_1' title='image "./patrologiaecurs14goog/patrologiaecurs14goog_0527.png"; bbox 0 0 3826 6014; ppageno 0'>
   <div class='ocr_carea' id='block_1_1' title="bbox 186 195 1888 319">
    <p class='ocr_par' dir='ltr' id='par_1_1' title="bbox 186 195 1888 319">
     <span class='ocr_line' id='line_1_1' title="bbox 186 195 1888 319; baseline -0.019 -2"><span class='ocrx_word' id='word_1_1' title='bbox 186 256 264 319; x_wconf 82' lang='lat' dir='ltr'><strong>roeo</strong></span> <span class='ocrx_word' id='word_1_2' title='bbox 741 240 915 306; x_wconf 77' lang='lat' dir='ltr'><strong>nornen</strong></span> <span class='ocrx_word' id='word_1_3' title='bbox 936 195 1104 298; x_wconf 72' lang='lat' dir='ltr'><strong>cesaris</strong></span> <span class='ocrx_word' id='word_1_4' title='bbox 1125 232 1366 296; x_wconf 81' lang='lat' dir='ltr'><strong>rurrmusre.</strong></span> <span class='ocrx_word' id='word_1_5' title='bbox 1821 234 1888 296; x_wconf 74' lang='lat' dir='ltr'><strong>roe</strong></span> 
     </span>
    </p>
   </div>
   <div class='ocr_carea' id='block_1_2' title="bbox 179 366 1886 5449">
    <p class='ocr_par' dir='ltr' id='par_1_2' title="bbox 179 366 1886 5449">
     <span class='ocr_line' id='line_1_2' title="bbox 185 366 1886 462; baseline -0.02 -14"><span class='ocrx_word' id='word_1_6' title='bbox 185 395 242 457; x_wconf 91' lang='lat' dir='ltr'><strong>oet,</strong></span> <span class='ocrx_word' id='word_1_7' title='bbox 258 390 326 462; x_wconf 91' lang='lat' dir='ltr'><strong>quia</strong></span> <span class='ocrx_word' id='word_1_8' title='bbox 342 383 504 458; x_wconf 70' lang='lat' dir='ltr'><strong>quamlibet</strong></span> <span class='ocrx_word' id='word_1_9' title='bbox 515 382 629 453; x_wconf 89' lang='lat' dir='ltr'><strong>justus,</strong></span> <span class='ocrx_word' id='word_1_10' title='bbox 646 379 714 433; x_wconf 91' lang='lat' dir='ltr'><strong>dum</strong></span> <span class='ocrx_word' id='word_1_11' title='bbox 730 377 813 442; x_wconf 89' lang='lat' dir='ltr'><strong>vivit,</strong></span> <span class='ocrx_word' id='word_1_12' title='bbox 829 373 953 446; x_wconf 86' lang='lat' dir='ltr'><strong>quiaque</strong></span> <span class='ocrx_word' id='word_1_13' title='bbox 972 372 1007 428; x_wconf 93' lang='lat' dir='ltr'><strong>de</strong></span> <span class='ocrx_word' id='word_1_14' title='bbox 1022 377 1048 444; x_wconf 65' lang='grc' dir='ltr'><strong>Α</strong></span> <span class='ocrx_word' id='word_1_15' title='bbox 1064 368 1255 440; x_wconf 88' lang='lat' dir='ltr'><strong>stringentur,</strong></span> <span class='ocrx_word' id='word_1_16' title='bbox 1272 390 1288 419; x_wconf 80' lang='lat' dir='ltr'><strong>a</strong></span> <span class='ocrx_word' id='word_1_17' title='bbox 1303 383 1425 440; x_wconf 89' lang='lat' dir='ltr'><strong>grsasus</strong></span> <span class='ocrx_word' id='word_1_18' title='bbox 1440 366 1557 425; x_wconf 87' lang='lat' dir='ltr'><strong>virtutis</strong></span> <span class='ocrx_word' id='word_1_19' title='bbox 1571 368 1647 442; x_wconf 80' lang='lat' dir='ltr'><strong>ejus,</strong></span> <span class='ocrx_word' id='word_1_20' title='bbox 1665 390 1680 417; x_wconf 76' lang='lat' dir='ltr'><strong>a</strong></span> <span class='ocrx_word' id='word_1_21' title='bbox 1693 369 1724 426; x_wconf 79' lang='lat' dir='ltr'><strong>id</strong></span> <span class='ocrx_word' id='word_1_22' title='bbox 1741 375 1789 427; x_wconf 63' lang='grc' dir='ltr'><strong>εει</strong></span> <span class='ocrx_word' id='word_1_23' title='bbox 1802 366 1886 443; x_wconf 59' lang='lat' dir='ltr'><strong>prore.</strong></span> 
     </span>
     <span class='ocr_line' id='line_1_3' title="bbox 186 454 1885 537; baseline -0.022 -9"><span class='ocrx_word' id='word_1_24' title='bbox 186 489 217 530; x_wconf 90' lang='grc' dir='ltr'><strong>εε</strong></span> <span class='ocrx_word' id='word_1_25' title='bbox 233 470 358 536; x_wconf 92' lang='lat' dir='ltr'><strong>dubitet,</strong></span> <span class='ocrx_word' id='word_1_26' title='bbox 375 481 469 537; x_wconf 87' lang='lat' dir='ltr'><strong>neque</strong></span> <span class='ocrx_word' id='word_1_27' title='bbox 485 468 553 520; x_wconf 91' lang='lat' dir='ltr'><strong>eote</strong></span> <span class='ocrx_word' id='word_1_28' title='bbox 569 461 656 516; x_wconf 84' lang='lat' dir='ltr'><strong>finem</strong></span> <span class='ocrx_word' id='word_1_29' title='bbox 668 475 756 515; x_wconf 92' lang='lat' dir='ltr'><strong>suum</strong></span> <span class='ocrx_word' id='word_1_30' title='bbox 773 474 804 513; x_wconf 91' lang='lat' dir='ltr'><strong>se</strong></span> <span class='ocrx_word' id='word_1_31' title='bbox 819 454 1009 526; x_wconf 86' lang='lat' dir='ltr'><strong>comproben·</strong></span> <span class='ocrx_word' id='word_1_32' title='bbox 1065 465 1130 515; x_wconf 70' lang='lat' dir='ltr'><strong>etus</strong></span> <span class='ocrx_word' id='word_1_33' title='bbox 1145 459 1196 530; x_wconf 73' lang='lat' dir='ltr'><strong>qui</strong></span> <span class='ocrx_word' id='word_1_34' title='bbox 1213 475 1289 514; x_wconf 65' lang='lat' dir='ltr'><strong>nuno</strong></span> <span class='ocrx_word' id='word_1_35' title='bbox 1305 456 1464 513; x_wconf 51' lang='lat' dir='ltr'><strong>dilatantur</strong></span> <span class='ocrx_word' id='word_1_36' title='bbox 1479 457 1604 514; x_wconf 56' lang='lat' dir='ltr'><strong>rogum</strong></span> <span class='ocrx_word' id='word_1_37' title='bbox 1617 457 1741 516; x_wconf 58' lang='lat' dir='ltr'><strong>maliti„</strong></span> <span class='ocrx_word' id='word_1_38' title='bbox 1756 459 1885 531; x_wconf 53' lang='lat' dir='ltr'><strong>ejum</strong></span> 
     </span>
     <span class='ocr_line' id='line_1_4' title="bbox 186 547 1883 631; baseline -0.009 -9"><span class='ocrx_word' id='word_1_39' title='bbox 186 561 267 619; x_wconf 78' lang='lat' dir='ltr'><strong>disse</strong></span> <span class='ocrx_word' id='word_1_40' title='bbox 283 563 375 631; x_wconf 79' lang='lat' dir='ltr'><strong>putat·</strong></span> <span class='ocrx_word' id='word_1_41' title='bbox 1065 549 1268 621; x_wconf 80' lang='lat' dir='ltr'><strong>precipitabit,</strong></span> <span class='ocrx_word' id='word_1_42' title='bbox 1285 570 1299 601; x_wconf 81' lang='lat' dir='ltr'><strong>a</strong></span> <span class='ocrx_word' id='word_1_43' title='bbox 1316 548 1345 604; x_wconf 94' lang='lat' dir='ltr'><strong>id</strong></span> <span class='ocrx_word' id='word_1_44' title='bbox 1361 553 1406 604; x_wconf 90' lang='lat' dir='ltr'><strong>est</strong></span> <span class='ocrx_word' id='word_1_45' title='bbox 1420 547 1450 604; x_wconf 89' lang='lat' dir='ltr'><strong>in</strong></span> <span class='ocrx_word' id='word_1_46' title='bbox 1474 547 1575 604; x_wconf 82' lang='lat' dir='ltr'><strong>eterni</strong></span> <span class='ocrx_word' id='word_1_47' title='bbox 1589 548 1731 623; x_wconf 87' lang='lat' dir='ltr'><strong>supplicii</strong></span> <span class='ocrx_word' id='word_1_48' title='bbox 1758 551 1883 607; x_wconf 79' lang='lat' dir='ltr'><strong>tenebrae</strong></span> 
     </span>
     <span class='ocr_line' id='line_1_5' title="bbox 221 635 1882 713; baseline -0.007 -4"><span class='ocrx_word' id='word_1_49' title='bbox 221 651 290 708; x_wconf 76' lang='lat' dir='ltr'><strong>Car.</strong></span> <span class='ocrx_word' id='word_1_50' title='bbox 312 647 413 712; x_wconf 86' lang='lat' dir='ltr'><strong>XVlll,</strong></span> <span class='ocrx_word' id='word_1_51' title='bbox 429 661 510 700; x_wconf 85' lang='lat' dir='ltr'><strong>vnas.</strong></span> <span class='ocrx_word' id='word_1_52' title='bbox 537 644 563 709; x_wconf 79' lang='lat' dir='ltr'><strong>l,</strong></span> <span class='ocrx_word' id='word_1_53' title='bbox 576 644 603 696; x_wconf 81' lang='lat'><strong>2·</strong></span> <span class='ocrx_word' id='word_1_54' title='bbox 619 673 652 682; x_wconf 89' lang='lat'><strong>·-</strong></span> <span class='ocrx_word' id='word_1_55' title='bbox 668 662 682 689; x_wconf 81' lang='grc'>«</span> <span class='ocrx_word' id='word_1_56' title='bbox 700 635 893 710; x_wconf 69' lang='grc' dir='ltr'><strong>Ηθῦρθῦᾶθῐιθ</strong></span> <span class='ocrx_word' id='word_1_57' title='bbox 908 636 1008 689; x_wconf 68' lang='lat' dir='ltr'><strong>8⁰le</strong></span> <span class='ocrx_word' id='word_1_58' title='bbox 1066 643 1186 711; x_wconf 80' lang='lat' dir='ltr'><strong>merget,</strong></span> <span class='ocrx_word' id='word_1_59' title='bbox 1203 655 1269 695; x_wconf 88' lang='lat' dir='ltr'><strong>eum</strong></span> <span class='ocrx_word' id='word_1_60' title='bbox 1285 637 1443 695; x_wconf 89' lang='lat' dir='ltr'><strong>eonsilium</strong></span> <span class='ocrx_word' id='word_1_61' title='bbox 1455 655 1554 708; x_wconf 90' lang='lat' dir='ltr'><strong>suom,</strong></span> <span class='ocrx_word' id='word_1_62' title='bbox 1572 640 1803 713; x_wconf 85' lang='lat' dir='ltr'><strong>subaudi‚quod</strong></span> <span class='ocrx_word' id='word_1_63' title='bbox 1816 656 1882 697; x_wconf 86' lang='lat' dir='ltr'><strong>nunc</strong></span> 
     </span>
     <span class='ocr_line' id='line_1_6' title="bbox 186 721 1880 803; baseline -0.009 -6"><span class='ocrx_word' id='word_1_64' title='bbox 186 738 295 797; x_wconf 86' lang='lat' dir='ltr'><strong>Baldud</strong></span> <span class='ocrx_word' id='word_1_65' title='bbox 312 736 428 793; x_wconf 88' lang='lat' dir='ltr'><strong>Suitbes</strong></span> <span class='ocrx_word' id='word_1_66' title='bbox 443 734 537 790; x_wconf 82' lang='lat' dir='ltr'><strong>dixit:</strong></span> <span class='ocrx_word' id='word_1_67' title='bbox 557 732 653 803; x_wconf 80' lang='lat' dir='ltr'>Usque</span> <span class='ocrx_word' id='word_1_68' title='bbox 670 729 805 797; x_wconf 83' lang='lat' dir='ltr'><strong>adquam</strong></span> <span class='ocrx_word' id='word_1_69' title='bbox 823 726 906 780; x_wconf 84' lang='lat' dir='ltr'><strong>finem</strong></span> <span class='ocrx_word' id='word_1_70' title='bbox 923 721 1010 778; x_wconf 86' lang='lat' dir='ltr'><strong>verbe</strong></span> <span class='ocrx_word' id='word_1_71' title='bbox 1066 722 1163 793; x_wconf 88' lang='lat' dir='ltr'><strong>babet,</strong></span> <span class='ocrx_word' id='word_1_72' title='bbox 1180 722 1259 794; x_wconf 93' lang='lat' dir='ltr'><strong>quud</strong></span> <span class='ocrx_word' id='word_1_73' title='bbox 1275 738 1352 777; x_wconf 92' lang='lat' dir='ltr'><strong>nunc</strong></span> <span class='ocrx_word' id='word_1_74' title='bbox 1368 723 1424 779; x_wconf 91' lang='lat' dir='ltr'><strong>sibi</strong></span> <span class='ocrx_word' id='word_1_75' title='bbox 1446 722 1540 795; x_wconf 92' lang='lat' dir='ltr'><strong>plucet</strong></span> <span class='ocrx_word' id='word_1_76' title='bbox 1564 726 1722 795; x_wconf 81' lang='lat' dir='ltr'><strong>presentia</strong></span> <span class='ocrx_word' id='word_1_77' title='bbox 1741 731 1880 796; x_wconf 76' lang='lat' dir='ltr'><strong>appetere,</strong></span> 
     </span>
     <span class='ocr_line' id='line_1_7' title="bbox 183 808 1880 901; baseline -0.009 -16"><span class='ocrx_word' id='word_1_78' title='bbox 183 825 388 901; x_wconf 77' lang='lat' dir='ltr'><strong>jactabitielo</strong></span> <span class='ocrx_word' id='word_1_79' title='bbox 410 825 443 878; x_wconf 89' lang='lat' dir='ltr'><strong>In</strong></span> <span class='ocrx_word' id='word_1_80' title='bbox 459 822 514 877; x_wconf 88' lang='lat' dir='ltr'><strong>bne</strong></span> <span class='ocrx_word' id='word_1_81' title='bbox 529 819 721 891; x_wconf 82' lang='lat' dir='ltr'><strong>responsione</strong></span> <span class='ocrx_word' id='word_1_82' title='bbox 736 817 791 872; x_wconf 92' lang='lat' dir='ltr'><strong>hoe</strong></span> <span class='ocrx_word' id='word_1_83' title='bbox 805 815 883 870; x_wconf 89' lang='lat' dir='ltr'><strong>idem</strong></span> <span class='ocrx_word' id='word_1_84' title='bbox 899 808 1010 868; x_wconf 80' lang='lat' dir='ltr'><strong>baldad</strong></span> <span class='ocrx_word' id='word_1_85' title='bbox 1065 817 1094 866; x_wconf 90' lang='lat' dir='ltr'><strong>et</strong></span> <span class='ocrx_word' id='word_1_86' title='bbox 1108 817 1217 867; x_wconf 82' lang='lat' dir='ltr'><strong>eterne</strong></span> <span class='ocrx_word' id='word_1_87' title='bbox 1233 812 1393 884; x_wconf 88' lang='lat' dir='ltr'><strong>despicere.</strong></span> <span class='ocrx_word' id='word_1_88' title='bbox 1418 834 1433 862; x_wconf 93' lang='lat'>«</span> <span class='ocrx_word' id='word_1_89' title='bbox 1450 810 1653 885; x_wconf 88' lang='lat' dir='ltr'><strong>Praecipitabil,</strong></span> <span class='ocrx_word' id='word_1_90' title='bbox 1670 834 1684 863; x_wconf 78' lang='lat' dir='ltr'><strong>a</strong></span> <span class='ocrx_word' id='word_1_91' title='bbox 1712 812 1880 886; x_wconf 85' lang='lat' dir='ltr'><strong>inquam,et</strong></span> 
     </span>
     <span class='ocr_line' id='line_1_8' title="bbox 187 899 1770 986; baseline -0.008 -13"><span class='ocrx_word' id='word_1_92' title='bbox 187 915 325 981; x_wconf 77' lang='lat' dir='ltr'>intendit,</span> <span class='ocrx_word' id='word_1_93' title='bbox 347 913 425 986; x_wconf 93' lang='lat' dir='ltr'><strong>quod</strong></span> <span class='ocrx_word' id='word_1_94' title='bbox 450 917 478 967; x_wconf 86' lang='lat' dir='ltr'><strong>st</strong></span> <span class='ocrx_word' id='word_1_95' title='bbox 500 910 622 982; x_wconf 81' lang='lat' dir='ltr'><strong>lilipbnn</strong></span> <span class='ocrx_word' id='word_1_96' title='bbox 648 906 780 980; x_wconf 88' lang='lat' dir='ltr'><strong>proxime</strong></span> <span class='ocrx_word' id='word_1_97' title='bbox 805 902 943 975; x_wconf 89' lang='lat' dir='ltr'><strong>superius</strong></span> <span class='ocrx_word' id='word_1_98' title='bbox 966 917 1010 956; x_wconf 86' lang='lat' dir='ltr'><strong>re·</strong></span> <span class='ocrx_word' id='word_1_99' title='bbox 1060 902 1142 972; x_wconf 86' lang='lat' dir='ltr'><strong>juste</strong></span> <span class='ocrx_word' id='word_1_100' title='bbox 1157 902 1343 972; x_wconf 76' lang='lat' dir='ltr'><strong>permittetur</strong></span> <span class='ocrx_word' id='word_1_101' title='bbox 1358 899 1494 958; x_wconf 86' lang='lat' dir='ltr'><strong>devenire</strong></span> <span class='ocrx_word' id='word_1_102' title='bbox 1513 900 1543 956; x_wconf 91' lang='lat' dir='ltr'><strong>in</strong></span> <span class='ocrx_word' id='word_1_103' title='bbox 1560 901 1770 975; x_wconf 75' lang='lat' dir='ltr'><strong>precipitium.</strong></span> 
     </span>
     <span class='ocr_line' id='line_1_9' title="bbox 187 988 1878 1077; baseline -0.01 -15"><span class='ocrx_word' id='word_1_104' title='bbox 187 1004 345 1077; x_wconf 76' lang='lat' dir='ltr'><strong>sponsione</strong></span> <span class='ocrx_word' id='word_1_105' title='bbox 361 1000 535 1068; x_wconf 85' lang='lat' dir='ltr'><strong>intenderet,</strong></span> <span class='ocrx_word' id='word_1_106' title='bbox 552 997 686 1053; x_wconf 86' lang='lat' dir='ltr'><strong>videlicet</strong></span> <span class='ocrx_word' id='word_1_107' title='bbox 700 995 755 1050; x_wconf 91' lang='lat' dir='ltr'><strong>hoo</strong></span> <span class='ocrx_word' id='word_1_108' title='bbox 777 998 908 1048; x_wconf 87' lang='lat' dir='ltr'><strong>astruere</strong></span> <span class='ocrx_word' id='word_1_109' title='bbox 932 988 1009 1061; x_wconf 90' lang='lat' dir='ltr'><strong>quod</strong></span> <span class='ocrx_word' id='word_1_110' title='bbox 1101 991 1184 1046; x_wconf 82' lang='lat' dir='ltr'><strong>Vaas.</strong></span> <span class='ocrx_word' id='word_1_111' title='bbox 1197 991 1225 1046; x_wconf 90' lang='lat'><strong>8.</strong></span> <span class='ocrx_word' id='word_1_112' title='bbox 1237 1022 1270 1033; x_wconf 90' lang='lat'>-</span> <span class='ocrx_word' id='word_1_113' title='bbox 1282 1013 1297 1042; x_wconf 91' lang='lat'>«</span> <span class='ocrx_word' id='word_1_114' title='bbox 1314 991 1440 1048; x_wconf 82' lang='lat' dir='ltr'><strong>[inmisit</strong></span> <span class='ocrx_word' id='word_1_115' title='bbox 1450 992 1527 1049; x_wconf 90' lang='lat' dir='ltr'><strong>enim</strong></span> <span class='ocrx_word' id='word_1_116' title='bbox 1541 992 1569 1048; x_wconf 90' lang='lat' dir='ltr'><strong>iu</strong></span> <span class='ocrx_word' id='word_1_117' title='bbox 1580 999 1644 1048; x_wconf 88' lang='lat' dir='ltr'><strong>rete</strong></span> <span class='ocrx_word' id='word_1_118' title='bbox 1655 994 1760 1064; x_wconf 86' lang='lat' dir='ltr'><strong>pedem</strong></span> <span class='ocrx_word' id='word_1_119' title='bbox 1773 1011 1878 1062; x_wconf 70' lang='lat' dir='ltr'><strong>suum·</strong></span> 
     </span>
     <span class='ocr_line' id='line_1_10' title="bbox 187 1078 1880 1160; baseline -0.01 -9"><span class='ocrx_word' id='word_1_120' title='bbox 187 1092 342 1151; x_wconf 73' lang='lat' dir='ltr'><strong>beatoiob</strong></span> <span class='ocrx_word' id='word_1_121' title='bbox 358 1089 468 1160; x_wconf 87' lang='lat' dir='ltr'><strong>impius</strong></span> <span class='ocrx_word' id='word_1_122' title='bbox 483 1104 549 1143; x_wconf 84' lang='lat' dir='ltr'><strong>esse</strong></span> <span class='ocrx_word' id='word_1_123' title='bbox 569 1087 599 1142; x_wconf 90' lang='lat' dir='ltr'><strong>iu</strong></span> <span class='ocrx_word' id='word_1_124' title='bbox 615 1083 708 1141; x_wconf 89' lang='lat' dir='ltr'><strong>oculis</strong></span> <span class='ocrx_word' id='word_1_125' title='bbox 723 1083 774 1138; x_wconf 86' lang='lat' dir='ltr'><strong>Dei</strong></span> <span class='ocrx_word' id='word_1_126' title='bbox 799 1079 934 1154; x_wconf 75' lang='lat' dir='ltr'><strong>presenti</strong></span> <span class='ocrx_word' id='word_1_127' title='bbox 956 1078 1010 1134; x_wconf 86' lang='lat' dir='ltr'><strong>lla·</strong></span> <span class='ocrx_word' id='word_1_128' title='bbox 1065 1083 1094 1138; x_wconf 90' lang='lat' dir='ltr'><strong>id</strong></span> <span class='ocrx_word' id='word_1_129' title='bbox 1110 1088 1156 1139; x_wconf 91' lang='lat' dir='ltr'><strong>est</strong></span> <span class='ocrx_word' id='word_1_130' title='bbox 1170 1082 1267 1155; x_wconf 90' lang='lat' dir='ltr'><strong>ipsum</strong></span> <span class='ocrx_word' id='word_1_131' title='bbox 1283 1098 1341 1153; x_wconf 94' lang='lat' dir='ltr'><strong>quo</strong></span> <span class='ocrx_word' id='word_1_132' title='bbox 1355 1099 1412 1138; x_wconf 89' lang='lat' dir='ltr'><strong>uon</strong></span> <span class='ocrx_word' id='word_1_133' title='bbox 1428 1081 1529 1139; x_wconf 85' lang='lat' dir='ltr'><strong>volens</strong></span> <span class='ocrx_word' id='word_1_134' title='bbox 1543 1086 1670 1149; x_wconf 89' lang='lat' dir='ltr'><strong>tenetur,</strong></span> <span class='ocrx_word' id='word_1_135' title='bbox 1682 1082 1785 1141; x_wconf 83' lang='lat' dir='ltr'><strong>volens</strong></span> <span class='ocrx_word' id='word_1_136' title='bbox 1801 1084 1880 1141; x_wconf 72' lang='lat' dir='ltr'><strong>admi-</strong></span> 
     </span>
     <span class='ocr_line' id='line_1_11' title="bbox 186 1168 1880 1256; baseline -0.007 -17"><span class='ocrx_word' id='word_1_137' title='bbox 186 1182 263 1256; x_wconf 90' lang='lat' dir='ltr'><strong>gello</strong></span> <span class='ocrx_word' id='word_1_138' title='bbox 284 1185 359 1237; x_wconf 86' lang='lat' dir='ltr'><strong>teste</strong></span> <span class='ocrx_word' id='word_1_139' title='bbox 385 1178 539 1235; x_wconf 88' lang='lat' dir='ltr'><strong>convietus</strong></span> <span class='ocrx_word' id='word_1_140' title='bbox 563 1175 611 1232; x_wconf 86' lang='lat' dir='ltr'><strong>sit.</strong></span> <span class='ocrx_word' id='word_1_141' title='bbox 636 1172 787 1230; x_wconf 88' lang='lat' dir='ltr'><strong>Subtiliter</strong></span> <span class='ocrx_word' id='word_1_142' title='bbox 808 1186 877 1243; x_wconf 87' lang='lat' dir='ltr'><strong>ergo</strong></span> <span class='ocrx_word' id='word_1_143' title='bbox 908 1168 1011 1225; x_wconf 88' lang='lat' dir='ltr'><strong>distin·</strong></span> <span class='ocrx_word' id='word_1_144' title='bbox 1065 1176 1104 1232; x_wconf 81' lang='lat' dir='ltr'><strong>sit</strong></span> <span class='ocrx_word' id='word_1_145' title='bbox 1119 1179 1281 1248; x_wconf 83' lang='lat' dir='ltr'><strong>peccatum,</strong></span> <span class='ocrx_word' id='word_1_146' title='bbox 1295 1197 1310 1227; x_wconf 78' lang='lat' dir='ltr'><strong>a</strong></span> <span class='ocrx_word' id='word_1_147' title='bbox 1323 1182 1350 1231; x_wconf 87' lang='lat' dir='ltr'><strong>ct</strong></span> <span class='ocrx_word' id='word_1_148' title='bbox 1361 1173 1391 1230; x_wconf 91' lang='lat' dir='ltr'><strong>in</strong></span> <span class='ocrx_word' id='word_1_149' title='bbox 1403 1174 1528 1232; x_wconf 86' lang='lat' dir='ltr'><strong>maculis</strong></span> <span class='ocrx_word' id='word_1_150' title='bbox 1540 1175 1603 1246; x_wconf 86' lang='lat' dir='ltr'><strong>ejus</strong></span> <span class='ocrx_word' id='word_1_151' title='bbox 1614 1175 1759 1244; x_wconf 84' lang='lat' dir='ltr'><strong>ambulet,</strong></span> <span class='ocrx_word' id='word_1_152' title='bbox 1772 1199 1787 1228; x_wconf 72' lang='lat' dir='ltr'><strong>a</strong></span> <span class='ocrx_word' id='word_1_153' title='bbox 1802 1177 1832 1234; x_wconf 86' lang='lat' dir='ltr'><strong>id</strong></span> <span class='ocrx_word' id='word_1_154' title='bbox 1844 1182 1880 1234; x_wconf 79' lang='grc' dir='ltr'><strong>εει</strong></span> 
     </span>
     <span class='ocr_line' id='line_1_12' title="bbox 186 1257 1879 1345; baseline -0.002 -18"><span class='ocrx_word' id='word_1_155' title='bbox 186 1271 338 1345; x_wconf 87' lang='lat' dir='ltr'><strong>gueudum</strong></span> <span class='ocrx_word' id='word_1_156' title='bbox 353 1273 396 1325; x_wconf 91' lang='lat' dir='ltr'><strong>est</strong></span> <span class='ocrx_word' id='word_1_157' title='bbox 420 1267 450 1323; x_wconf 89' lang='lat' dir='ltr'><strong>in</strong></span> <span class='ocrx_word' id='word_1_158' title='bbox 472 1266 569 1322; x_wconf 84' lang='lat' dir='ltr'><strong>verbis</strong></span> <span class='ocrx_word' id='word_1_159' title='bbox 593 1280 705 1330; x_wconf 89' lang='lat' dir='ltr'><strong>eorum,</strong></span> <span class='ocrx_word' id='word_1_160' title='bbox 721 1267 750 1319; x_wconf 91' lang='lat' dir='ltr'><strong>et</strong></span> <span class='ocrx_word' id='word_1_161' title='bbox 776 1262 846 1334; x_wconf 89' lang='lat' dir='ltr'><strong>quid</strong></span> <span class='ocrx_word' id='word_1_162' title='bbox 871 1260 908 1315; x_wconf 87' lang='lat' dir='ltr'><strong>sit</strong></span> <span class='ocrx_word' id='word_1_163' title='bbox 931 1257 1009 1331; x_wconf 90' lang='lat' dir='ltr'><strong>quod</strong></span> <span class='ocrx_word' id='word_1_164' title='bbox 1065 1281 1131 1321; x_wconf 82' lang='lat' dir='ltr'><strong>cum</strong></span> <span class='ocrx_word' id='word_1_165' title='bbox 1146 1265 1281 1338; x_wconf 66' lang='lat' dir='ltr'><strong>expedire</strong></span> <span class='ocrx_word' id='word_1_166' title='bbox 1302 1282 1334 1321; x_wconf 86' lang='lat' dir='ltr'><strong>ee</strong></span> <span class='ocrx_word' id='word_1_167' title='bbox 1357 1264 1473 1333; x_wconf 90' lang='lat' dir='ltr'><strong>nititur,</strong></span> <span class='ocrx_word' id='word_1_168' title='bbox 1488 1269 1559 1322; x_wconf 90' lang='lat' dir='ltr'><strong>tuuc</strong></span> <span class='ocrx_word' id='word_1_169' title='bbox 1584 1265 1725 1324; x_wconf 82' lang='lat' dir='ltr'><strong>veraciter</strong></span> <span class='ocrx_word' id='word_1_170' title='bbox 1748 1266 1879 1340; x_wconf 75' lang='lat' dir='ltr'><strong>conspicit</strong></span> 
     </span>
     <span class='ocr_line' id='line_1_13' title="bbox 185 1349 1877 1432; baseline -0.013 4"><span class='ocrx_word' id='word_1_171' title='bbox 185 1379 251 1418; x_wconf 71' lang='lat' dir='ltr'><strong>V0¹⁰</strong></span> <span class='ocrx_word' id='word_1_172' title='bbox 274 1362 310 1418; x_wconf 68' lang='lat'><strong>‘¹0</strong></span> <span class='ocrx_word' id='word_1_173' title='bbox 339 1356 474 1432; x_wconf 65' lang='lat' dir='ltr'><strong>ril³l⁰bis</strong></span> <span class='ocrx_word' id='word_1_174' title='bbox 497 1355 682 1423; x_wconf 65' lang='grc' dir='ltr'><strong>θθῦῑῑῦῡῐεθῑ</strong></span> <span class='ocrx_word' id='word_1_175' title='bbox 709 1352 780 1425; x_wconf 65' lang='lat' dir='ltr'><strong>quid</strong></span> <span class='ocrx_word' id='word_1_176' title='bbox 809 1349 886 1422; x_wconf 93' lang='lat' dir='ltr'><strong>quod</strong></span> <span class='ocrx_word' id='word_1_177' title='bbox 910 1351 1011 1404; x_wconf 64' lang='lat' dir='ltr'><strong>⁰0³1?ss</strong></span> <span class='ocrx_word' id='word_1_178' title='bbox 1065 1372 1155 1428; x_wconf 88' lang='lat' dir='ltr'><strong>quem</strong></span> <span class='ocrx_word' id='word_1_179' title='bbox 1182 1355 1265 1411; x_wconf 91' lang='lat' dir='ltr'><strong>duris</strong></span> <span class='ocrx_word' id='word_1_180' title='bbox 1290 1355 1411 1412; x_wconf 82' lang='lat' dir='ltr'><strong>nexibus</strong></span> <span class='ocrx_word' id='word_1_181' title='bbox 1431 1359 1556 1413; x_wconf 88' lang='lat' dir='ltr'><strong>tenetur.</strong></span> <span class='ocrx_word' id='word_1_182' title='bbox 1583 1355 1644 1413; x_wconf 86' lang='lat' dir='ltr'><strong>Hoc</strong></span> <span class='ocrx_word' id='word_1_183' title='bbox 1666 1360 1712 1414; x_wconf 87' lang='lat' dir='ltr'><strong>est</strong></span> <span class='ocrx_word' id='word_1_184' title='bbox 1737 1357 1816 1430; x_wconf 89' lang='lat' dir='ltr'><strong>quod</strong></span> <span class='ocrx_word' id='word_1_185' title='bbox 1840 1374 1877 1414; x_wconf 84' lang='lat' dir='ltr'><strong>sa·</strong></span> 
     </span>
     <span class='ocr_line' id='line_1_14' title="bbox 186 1437 1186 1516; baseline -0.021 -9"><span class='ocrx_word' id='word_1_186' title='bbox 186 1452 220 1507; x_wconf 90' lang='lat' dir='ltr'><strong>B.</strong></span> <span class='ocrx_word' id='word_1_187' title='bbox 236 1449 291 1506; x_wconf 84' lang='lat' dir='ltr'><strong>too</strong></span> <span class='ocrx_word' id='word_1_188' title='bbox 307 1449 421 1504; x_wconf 84' lang='lat' dir='ltr'><strong>tetuuur</strong></span> <span class='ocrx_word' id='word_1_189' title='bbox 439 1454 555 1502; x_wconf 88' lang='lat' dir='ltr'><strong>sonent.</strong></span> <span class='ocrx_word' id='word_1_190' title='bbox 572 1444 670 1500; x_wconf 86' lang='lat' dir='ltr'><strong>Primo</strong></span> <span class='ocrx_word' id='word_1_191' title='bbox 686 1441 760 1496; x_wconf 92' lang='lat' dir='ltr'><strong>illud</strong></span> <span class='ocrx_word' id='word_1_192' title='bbox 775 1439 882 1495; x_wconf 87' lang='lat' dir='ltr'><strong>Beldad</strong></span> <span class='ocrx_word' id='word_1_193' title='bbox 895 1437 1011 1510; x_wconf 88' lang='lat' dir='ltr'><strong>jacten—</strong></span> <span class='ocrx_word' id='word_1_194' title='bbox 1065 1446 1186 1516; x_wconf 60' lang='lat' dir='ltr'><strong>quitus:</strong></span> 
     </span>
     <span class='ocr_line' id='line_1_15' title="bbox 187 1527 1877 1612; baseline -0.013 1"><span class='ocrx_word' id='word_1_195' title='bbox 187 1540 234 1597; x_wconf 58' lang='lat' dir='ltr'><strong>fi&amp;</strong></span> <span class='ocrx_word' id='word_1_196' title='bbox 256 1538 401 1612; x_wconf 59' lang='grc' dir='ltr'><strong>θθθῑὲΰῑῑε</strong></span> <span class='ocrx_word' id='word_1_197' title='bbox 426 1535 562 1604; x_wconf 66' lang='lat' dir='ltr'><strong>di⁰⁰⁰d⁰s</strong></span> <span class='ocrx_word' id='word_1_198' title='bbox 586 1556 600 1583; x_wconf 80' lang='lat'><em>“</em></span> <span class='ocrx_word' id='word_1_199' title='bbox 631 1548 723 1603; x_wconf 75' lang='lat' dir='ltr'><strong>1¹³l¹¹0</strong></span> <span class='ocrx_word' id='word_1_200' title='bbox 747 1531 783 1587; x_wconf 63' lang='lat'><strong>³1¹</strong></span> <span class='ocrx_word' id='word_1_201' title='bbox 808 1545 894 1601; x_wconf 89' lang='lat' dir='ltr'><strong>quem</strong></span> <span class='ocrx_word' id='word_1_202' title='bbox 922 1527 1010 1582; x_wconf 60' lang='lat' dir='ltr'><strong>finem</strong></span> <span class='ocrx_word' id='word_1_203' title='bbox 1100 1533 1187 1590; x_wconf 68' lang='lat' dir='ltr'><strong>Vnus.</strong></span> <span class='ocrx_word' id='word_1_204' title='bbox 1203 1534 1231 1591; x_wconf 85' lang='grc'><strong>9.</strong></span> <span class='ocrx_word' id='word_1_205' title='bbox 1248 1562 1282 1576; x_wconf 93' lang='lat'><em>-</em></span> <span class='ocrx_word' id='word_1_206' title='bbox 1297 1557 1311 1584; x_wconf 89' lang='lat'>«</span> <span class='ocrx_word' id='word_1_207' title='bbox 1327 1532 1485 1590; x_wconf 84' lang='lat' dir='ltr'><strong>Tenebitur</strong></span> <span class='ocrx_word' id='word_1_208' title='bbox 1497 1533 1599 1607; x_wconf 85' lang='lat' dir='ltr'><strong>plante</strong></span> <span class='ocrx_word' id='word_1_209' title='bbox 1612 1534 1694 1592; x_wconf 84' lang='lat' dir='ltr'><strong>illius</strong></span> <span class='ocrx_word' id='word_1_210' title='bbox 1706 1534 1833 1608; x_wconf 76' lang='lat' dir='ltr'><strong>laqueo»</strong></span> <span class='ocrx_word' id='word_1_211' title='bbox 1847 1533 1877 1591; x_wconf 87' lang='lat' dir='ltr'><strong>ri·</strong></span> 
     </span>
     <span class='ocr_line' id='line_1_16' title="bbox 185 1617 1873 1702; baseline -0.007 -14"><span class='ocrx_word' id='word_1_212' title='bbox 185 1631 273 1688; x_wconf 81' lang='lat' dir='ltr'><strong>verbe</strong></span> <span class='ocrx_word' id='word_1_213' title='bbox 279 1629 432 1702; x_wconf 81' lang='lat' dir='ltr'><strong>jactabitis</strong></span> <span class='ocrx_word' id='word_1_214' title='bbox 443 1627 457 1683; x_wconf 80' lang='lat' dir='ltr'><strong>t</strong></span> <span class='ocrx_word' id='word_1_215' title='bbox 470 1649 484 1677; x_wconf 79' lang='lat' dir='ltr'><strong>a</strong></span> <span class='ocrx_word' id='word_1_216' title='bbox 497 1624 646 1696; x_wconf 87' lang='lat' dir='ltr'><strong>simulque</strong></span> <span class='ocrx_word' id='word_1_217' title='bbox 656 1630 742 1695; x_wconf 85' lang='lat' dir='ltr'><strong>negat</strong></span> <span class='ocrx_word' id='word_1_218' title='bbox 753 1637 820 1678; x_wconf 92' lang='lat' dir='ltr'><strong>eum</strong></span> <span class='ocrx_word' id='word_1_219' title='bbox 832 1617 949 1674; x_wconf 85' lang='lat' dir='ltr'><strong>finalem</strong></span> <span class='ocrx_word' id='word_1_220' title='bbox 962 1617 1011 1672; x_wconf 87' lang='lat' dir='ltr'><strong>be·</strong></span> <span class='ocrx_word' id='word_1_221' title='bbox 1066 1622 1170 1679; x_wconf 69' lang='lat' dir='ltr'><strong>delicet</strong></span> <span class='ocrx_word' id='word_1_222' title='bbox 1184 1622 1252 1694; x_wconf 86' lang='lat' dir='ltr'><strong>quia</strong></span> <span class='ocrx_word' id='word_1_223' title='bbox 1268 1623 1423 1696; x_wconf 87' lang='lat' dir='ltr'><strong>stringitur</strong></span> <span class='ocrx_word' id='word_1_224' title='bbox 1435 1623 1502 1679; x_wconf 85' lang='lat' dir='ltr'><strong>linia</strong></span> <span class='ocrx_word' id='word_1_225' title='bbox 1517 1623 1547 1679; x_wconf 91' lang='lat' dir='ltr'><strong>in</strong></span> <span class='ocrx_word' id='word_1_226' title='bbox 1559 1624 1785 1696; x_wconf 67' lang='lat' dir='ltr'><strong>peccatejuxta</strong></span> <span class='ocrx_word' id='word_1_227' title='bbox 1795 1624 1873 1681; x_wconf 90' lang='lat' dir='ltr'><strong>illud:</strong></span> 
     </span>
     <span class='ocr_line' id='line_1_17' title="bbox 187 1712 1871 1785; baseline -0.02 -7"><span class='ocrx_word' id='word_1_228' title='bbox 187 1721 255 1778; x_wconf 87' lang='lat' dir='ltr'><strong>bere</strong></span> <span class='ocrx_word' id='word_1_229' title='bbox 270 1734 402 1779; x_wconf 84' lang='lat' dir='ltr'><strong>causam,</strong></span> <span class='ocrx_word' id='word_1_230' title='bbox 417 1716 445 1772; x_wconf 87' lang='lat' dir='ltr'><strong>id</strong></span> <span class='ocrx_word' id='word_1_231' title='bbox 468 1719 512 1772; x_wconf 87' lang='lat' dir='ltr'><strong>est</strong></span> <span class='ocrx_word' id='word_1_232' title='bbox 534 1713 691 1771; x_wconf 87' lang='lat' dir='ltr'><strong>utilitatem</strong></span> <span class='ocrx_word' id='word_1_233' title='bbox 716 1712 871 1767; x_wconf 88' lang='lat' dir='ltr'><strong>verborum</strong></span> <span class='ocrx_word' id='word_1_234' title='bbox 888 1723 1008 1764; x_wconf 87' lang='lat' dir='ltr'><strong>suorum</strong></span> <span class='ocrx_word' id='word_1_235' title='bbox 1066 1735 1080 1764; x_wconf 77' lang='lat' dir='ltr'><strong>a</strong></span> <span class='ocrx_word' id='word_1_236' title='bbox 1092 1714 1244 1770; x_wconf 61' lang='lat' dir='ltr'><strong>peccatum</strong></span> <span class='ocrx_word' id='word_1_237' title='bbox 1255 1728 1322 1768; x_wconf 66' lang='lat' dir='ltr'><strong>cum</strong></span> <span class='ocrx_word' id='word_1_238' title='bbox 1333 1717 1570 1768; x_wconf 55' lang='lat' dir='ltr'><strong>mammaeam</strong></span> <span class='ocrx_word' id='word_1_239' title='bbox 1582 1713 1804 1785; x_wconf 46' lang='lat' dir='ltr'><strong>suerquenmq</strong></span> <span class='ocrx_word' id='word_1_240' title='bbox 1811 1715 1871 1773; x_wconf 70' lang='lat' dir='ltr'><strong><em>m</em></strong></span> 
     </span>
     <span class='ocr_line' id='line_1_18' title="bbox 190 1757 1873 1879; baseline -0.012 1"><span class='ocrx_word' id='word_1_241' title='bbox 190 1811 324 1877; x_wconf 66' lang='lat' dir='ltr'><strong>dicendo,</strong></span> <span class='ocrx_word' id='word_1_242' title='bbox 341 1830 355 1859; x_wconf 60' lang='grc' dir='ltr'><strong>ι(</strong></span> <span class='ocrx_word' id='word_1_243' title='bbox 373 1808 409 1863; x_wconf 61' lang='lat' dir='ltr'><strong>ad</strong></span> <span class='ocrx_word' id='word_1_244' title='bbox 426 1822 513 1879; x_wconf 60' lang='lat' dir='ltr'><strong>tluem</strong></span> <span class='ocrx_word' id='word_1_245' title='bbox 526 1805 626 1870; x_wconf 60' lang='lat' dir='ltr'><strong>finem,</strong></span> <span class='ocrx_word' id='word_1_246' title='bbox 637 1826 651 1853; x_wconf 86' lang='lat'>»</span> <span class='ocrx_word' id='word_1_247' title='bbox 669 1799 870 1858; x_wconf 65' lang='lat' dir='ltr'><strong>ulsubssudias</strong></span> <span class='ocrx_word' id='word_1_248' title='bbox 885 1796 1009 1854; x_wconf 76' lang='lat' dir='ltr'><strong>nullum·</strong></span> <span class='ocrx_word' id='word_1_249' title='bbox 1025 1757 1049 1822; x_wconf 79' lang='lat' dir='ltr'>B</span> <span class='ocrx_word' id='word_1_250' title='bbox 1067 1809 1189 1859; x_wconf 88' lang='lat' dir='ltr'><strong>mortem</strong></span> <span class='ocrx_word' id='word_1_251' title='bbox 1206 1803 1278 1875; x_wconf 81' lang='lat' dir='ltr'><strong>(luc.</strong></span> <span class='ocrx_word' id='word_1_252' title='bbox 1294 1803 1325 1874; x_wconf 77' lang='grc' dir='ltr'><strong>ι),</strong></span> <span class='ocrx_word' id='word_1_253' title='bbox 1341 1823 1356 1853; x_wconf 89' lang='lat'>»</span> <span class='ocrx_word' id='word_1_254' title='bbox 1371 1804 1469 1874; x_wconf 83' lang='lat' dir='ltr'><strong>cujus,</strong></span> <span class='ocrx_word' id='word_1_255' title='bbox 1481 1802 1606 1858; x_wconf 84' lang='lat' dir='ltr'><strong>subaudi</strong></span> <span class='ocrx_word' id='word_1_256' title='bbox 1619 1803 1744 1875; x_wconf 87' lang='lat' dir='ltr'><strong>peccati,</strong></span> <span class='ocrx_word' id='word_1_257' title='bbox 1755 1820 1873 1860; x_wconf 80' lang='lat' dir='ltr'><strong>consun-</strong></span> 
     </span>
     <span class='ocr_line' id='line_1_19' title="bbox 188 1888 1873 1970; baseline -0.012 -13"><span class='ocrx_word' id='word_1_258' title='bbox 188 1899 300 1957; x_wconf 88' lang='lat' dir='ltr'><strong>Deinde</strong></span> <span class='ocrx_word' id='word_1_259' title='bbox 330 1897 508 1970; x_wconf 81' lang='lat' dir='ltr'><strong>imperitiam</strong></span> <span class='ocrx_word' id='word_1_260' title='bbox 536 1892 579 1949; x_wconf 91' lang='lat' dir='ltr'><strong>illi</strong></span> <span class='ocrx_word' id='word_1_261' title='bbox 602 1893 758 1963; x_wconf 74' lang='lat' dir='ltr'><strong>exprobret</strong></span> <span class='ocrx_word' id='word_1_262' title='bbox 783 1888 1010 1961; x_wconf 84' lang='lat' dir='ltr'><strong>subjungendo:</strong></span> <span class='ocrx_word' id='word_1_263' title='bbox 1067 1891 1156 1947; x_wconf 85' lang='lat' dir='ltr'><strong>matio</strong></span> <span class='ocrx_word' id='word_1_264' title='bbox 1173 1907 1223 1963; x_wconf 90' lang='lat' dir='ltr'><strong>per</strong></span> <span class='ocrx_word' id='word_1_265' title='bbox 1248 1890 1393 1962; x_wconf 84' lang='lat' dir='ltr'><strong>plantam,</strong></span> <span class='ocrx_word' id='word_1_266' title='bbox 1408 1907 1475 1962; x_wconf 71' lang='lat' dir='ltr'><strong>quae</strong></span> <span class='ocrx_word' id='word_1_267' title='bbox 1489 1889 1556 1946; x_wconf 89' lang='lat' dir='ltr'><strong>llnie</strong></span> <span class='ocrx_word' id='word_1_268' title='bbox 1574 1892 1706 1964; x_wconf 80' lang='lat' dir='ltr'><strong>corporis</strong></span> <span class='ocrx_word' id='word_1_269' title='bbox 1725 1899 1780 1959; x_wconf 90' lang='lat' dir='ltr'><strong>est,</strong></span> <span class='ocrx_word' id='word_1_270' title='bbox 1792 1891 1873 1964; x_wconf 69' lang='lat' dir='ltr'><strong>capri.</strong></span> 
     </span>
     <span class='ocr_line' id='line_1_20' title="bbox 189 1976 1872 2060; baseline -0.007 -15"><span class='ocrx_word' id='word_1_271' title='bbox 189 1987 375 2060; x_wconf 78' lang='lat' dir='ltr'><strong>ulntelligile</strong></span> <span class='ocrx_word' id='word_1_272' title='bbox 395 1986 488 2058; x_wconf 87' lang='lat' dir='ltr'><strong>prius,</strong></span> <span class='ocrx_word' id='word_1_273' title='bbox 502 1988 530 2040; x_wconf 91' lang='lat' dir='ltr'><strong>et</strong></span> <span class='ocrx_word' id='word_1_274' title='bbox 550 1982 592 2038; x_wconf 90' lang='lat' dir='ltr'><strong>sic</strong></span> <span class='ocrx_word' id='word_1_275' title='bbox 615 1983 780 2054; x_wconf 86' lang='lat' dir='ltr'><strong>loquamur.</strong></span> <span class='ocrx_word' id='word_1_276' title='bbox 798 2000 812 2029; x_wconf 77' lang='lat' dir='ltr'><strong>a</strong></span> <span class='ocrx_word' id='word_1_277' title='bbox 836 1979 884 2034; x_wconf 87' lang='lat' dir='ltr'><strong>Sic</strong></span> <span class='ocrx_word' id='word_1_278' title='bbox 909 1981 938 2033; x_wconf 90' lang='lat' dir='ltr'><strong>et</strong></span> <span class='ocrx_word' id='word_1_279' title='bbox 953 1976 1012 2032; x_wconf 83' lang='lat' dir='ltr'><strong>hae·</strong></span> <span class='ocrx_word' id='word_1_280' title='bbox 1067 1981 1166 2036; x_wconf 87' lang='lat' dir='ltr'><strong>mitur.</strong></span> <span class='ocrx_word' id='word_1_281' title='bbox 1184 1981 1288 2036; x_wconf 84' lang='lat' dir='ltr'><strong>Planta</strong></span> <span class='ocrx_word' id='word_1_282' title='bbox 1303 1996 1371 2052; x_wconf 86' lang='lat' dir='ltr'><strong>crgo</strong></span> <span class='ocrx_word' id='word_1_283' title='bbox 1384 1979 1490 2052; x_wconf 86' lang='lat' dir='ltr'><strong>laqueo</strong></span> <span class='ocrx_word' id='word_1_284' title='bbox 1506 1985 1629 2050; x_wconf 84' lang='lat' dir='ltr'><strong>tenetur,</strong></span> <span class='ocrx_word' id='word_1_285' title='bbox 1646 1980 1719 2036; x_wconf 91' lang='lat' dir='ltr'><strong>dum</strong></span> <span class='ocrx_word' id='word_1_286' title='bbox 1737 1987 1872 2053; x_wconf 84' lang='lat' dir='ltr'><strong>precatum</strong></span> 
     </span>
     <span class='ocr_line' id='line_1_21' title="bbox 187 2068 1872 2143; baseline -0.006 -9"><span class='ocrx_word' id='word_1_287' title='bbox 187 2078 269 2134; x_wconf 89' lang='lat' dir='ltr'><strong>retici</strong></span> <span class='ocrx_word' id='word_1_288' title='bbox 286 2079 393 2132; x_wconf 83' lang='lat' dir='ltr'><strong>sanolae</strong></span> <span class='ocrx_word' id='word_1_289' title='bbox 407 2073 538 2129; x_wconf 78' lang='lat' dir='ltr'><strong>Ecclesie</strong></span> <span class='ocrx_word' id='word_1_290' title='bbox 552 2070 747 2127; x_wconf 88' lang='lat' dir='ltr'><strong>constentiam</strong></span> <span class='ocrx_word' id='word_1_291' title='bbox 764 2073 942 2140; x_wconf 80' lang='lat' dir='ltr'><strong>puteolense</strong></span> <span class='ocrx_word' id='word_1_292' title='bbox 961 2082 1012 2121; x_wconf 86' lang='lat' dir='ltr'><strong>eu·</strong></span> <span class='ocrx_word' id='word_1_293' title='bbox 1066 2074 1303 2124; x_wconf 88' lang='lat' dir='ltr'><strong>consummatum</strong></span> <span class='ocrx_word' id='word_1_294' title='bbox 1316 2086 1371 2125; x_wconf 90' lang='lat' dir='ltr'><strong>uon</strong></span> <span class='ocrx_word' id='word_1_295' title='bbox 1382 2068 1695 2143; x_wconf 86' lang='lat' dir='ltr'><strong>lacileeveditur,quia</strong></span> <span class='ocrx_word' id='word_1_296' title='bbox 1706 2070 1872 2128; x_wconf 85' lang='lat' dir='ltr'><strong>vitioseeon·</strong></span> 
     </span>
     <span class='ocr_line' id='line_1_22' title="bbox 188 2157 1872 2238; baseline -0.007 -16"><span class='ocrx_word' id='word_1_297' title='bbox 188 2166 330 2238; x_wconf 88' lang='lat' dir='ltr'><strong>perbiem,</strong></span> <span class='ocrx_word' id='word_1_298' title='bbox 342 2169 371 2219; x_wconf 91' lang='lat' dir='ltr'><strong>et</strong></span> <span class='ocrx_word' id='word_1_299' title='bbox 386 2179 449 2218; x_wconf 85' lang='lat' dir='ltr'><strong>eam</strong></span> <span class='ocrx_word' id='word_1_300' title='bbox 461 2177 513 2216; x_wconf 89' lang='lat' dir='ltr'><strong>nec</strong></span> <span class='ocrx_word' id='word_1_301' title='bbox 524 2159 685 2231; x_wconf 88' lang='lat' dir='ltr'><strong>intelligere</strong></span> <span class='ocrx_word' id='word_1_302' title='bbox 700 2157 891 2226; x_wconf 80' lang='lat' dir='ltr'><strong>suspicantur</strong></span> <span class='ocrx_word' id='word_1_303' title='bbox 903 2171 936 2211; x_wconf 89' lang='lat' dir='ltr'><strong>ee</strong></span> <span class='ocrx_word' id='word_1_304' title='bbox 947 2171 1011 2227; x_wconf 81' lang='lat' dir='ltr'><strong>que</strong></span> <span class='ocrx_word' id='word_1_305' title='bbox 1067 2158 1223 2214; x_wconf 88' lang='lat' dir='ltr'><strong>suetudine</strong></span> <span class='ocrx_word' id='word_1_306' title='bbox 1238 2162 1355 2214; x_wconf 86' lang='lat' dir='ltr'><strong>tenetur</strong></span> <span class='ocrx_word' id='word_1_307' title='bbox 1371 2163 1506 2230; x_wconf 89' lang='lat' dir='ltr'><strong>peccator</strong></span> <span class='ocrx_word' id='word_1_308' title='bbox 1520 2160 1591 2215; x_wconf 87' lang='lat' dir='ltr'><strong>‹lum</strong></span> <span class='ocrx_word' id='word_1_309' title='bbox 1607 2159 1738 2232; x_wconf 82' lang='lat' dir='ltr'><strong>ellegere</strong></span> <span class='ocrx_word' id='word_1_310' title='bbox 1756 2165 1872 2218; x_wconf 75' lang='lat' dir='ltr'><strong>conetur,</strong></span> 
     </span>
     <span class='ocr_line' id='line_1_23' title="bbox 188 2245 1872 2323; baseline -0.008 -14"><span class='ocrx_word' id='word_1_311' title='bbox 188 2255 338 2323; x_wconf 89' lang='lat' dir='ltr'><strong>dicontur,</strong></span> <span class='ocrx_word' id='word_1_312' title='bbox 354 2268 385 2307; x_wconf 88' lang='grc' dir='ltr'><strong>εε</strong></span> <span class='ocrx_word' id='word_1_313' title='bbox 411 2265 528 2322; x_wconf 89' lang='lat' dir='ltr'><strong>quoque</strong></span> <span class='ocrx_word' id='word_1_314' title='bbox 544 2247 654 2320; x_wconf 84' lang='lat' dir='ltr'><strong>despici</strong></span> <span class='ocrx_word' id='word_1_315' title='bbox 675 2245 802 2318; x_wconf 87' lang='lat' dir='ltr'><strong>superba</strong></span> <span class='ocrx_word' id='word_1_316' title='bbox 823 2260 1011 2318; x_wconf 83' lang='lat' dir='ltr'><strong>conquerun·</strong></span> <span class='ocrx_word' id='word_1_317' title='bbox 1068 2247 1149 2303; x_wconf 84' lang='lat' dir='ltr'><strong>Unde</strong></span> <span class='ocrx_word' id='word_1_318' title='bbox 1164 2255 1191 2304; x_wconf 92' lang='lat' dir='ltr'><strong>et</strong></span> <span class='ocrx_word' id='word_1_319' title='bbox 1208 2247 1353 2319; x_wconf 88' lang='lat' dir='ltr'><strong>sequitur,</strong></span> <span class='ocrx_word' id='word_1_320' title='bbox 1367 2269 1381 2299; x_wconf 71' lang='grc' dir='ltr'><strong>ιι</strong></span> <span class='ocrx_word' id='word_1_321' title='bbox 1408 2254 1436 2305; x_wconf 85' lang='lat' dir='ltr'><strong>et</strong></span> <span class='ocrx_word' id='word_1_322' title='bbox 1450 2249 1627 2318; x_wconf 74' lang='lat' dir='ltr'><strong>exardescet,</strong></span> <span class='ocrx_word' id='word_1_323' title='bbox 1642 2272 1658 2301; x_wconf 78' lang='lat' dir='ltr'><strong>a</strong></span> <span class='ocrx_word' id='word_1_324' title='bbox 1683 2250 1821 2320; x_wconf 55' lang='lat' dir='ltr'><strong>subaudi,</strong></span> <span class='ocrx_word' id='word_1_325' title='bbox 1835 2265 1872 2322; x_wconf 58' lang='grc' dir='ltr'><strong>με,</strong></span> 
     </span>
     <span class='ocr_line' id='line_1_24' title="bbox 188 2335 1871 2415; baseline -0.004 -15"><span class='ocrx_word' id='word_1_326' title='bbox 188 2349 239 2400; x_wconf 91' lang='lat' dir='ltr'><strong>tur</strong></span> <span class='ocrx_word' id='word_1_327' title='bbox 254 2340 469 2415; x_wconf 87' lang='lat' dir='ltr'><strong>indignatione,</strong></span> <span class='ocrx_word' id='word_1_328' title='bbox 482 2337 606 2393; x_wconf 88' lang='lat' dir='ltr'><strong>dicendo</strong></span> <span class='ocrx_word' id='word_1_329' title='bbox 621 2337 698 2409; x_wconf 92' lang='lat' dir='ltr'><strong>quod</strong></span> <span class='ocrx_word' id='word_1_330' title='bbox 715 2335 859 2406; x_wconf 90' lang='lat' dir='ltr'><strong>sequitur.</strong></span> <span class='ocrx_word' id='word_1_331' title='bbox 1067 2336 1162 2409; x_wconf 89' lang='lat' dir='ltr'><strong>ipsum</strong></span> <span class='ocrx_word' id='word_1_332' title='bbox 1187 2336 1409 2410; x_wconf 81' lang='lat' dir='ltr'><strong>obligationem,</strong></span> <span class='ocrx_word' id='word_1_333' title='bbox 1425 2360 1439 2389; x_wconf 76' lang='lat' dir='ltr'><strong>e</strong></span> <span class='ocrx_word' id='word_1_334' title='bbox 1466 2344 1570 2395; x_wconf 87' lang='lat' dir='ltr'><strong>contre</strong></span> <span class='ocrx_word' id='word_1_335' title='bbox 1583 2355 1652 2396; x_wconf 89' lang='lat' dir='ltr'><strong>eum</strong></span> <span class='ocrx_word' id='word_1_336' title='bbox 1667 2339 1771 2408; x_wconf 61' lang='lat' dir='ltr'><strong>sitim·</strong></span> <span class='ocrx_word' id='word_1_337' title='bbox 1789 2340 1816 2397; x_wconf 90' lang='lat' dir='ltr'><strong>id</strong></span> <span class='ocrx_word' id='word_1_338' title='bbox 1829 2344 1871 2408; x_wconf 87' lang='lat' dir='ltr'><strong>est,</strong></span> 
     </span>
     <span class='ocr_line' id='line_1_25' title="bbox 224 2425 1871 2501; baseline -0.002 -13"><span class='ocrx_word' id='word_1_339' title='bbox 224 2431 313 2487; x_wconf 86' lang='lat' dir='ltr'><strong>Vens.</strong></span> <span class='ocrx_word' id='word_1_340' title='bbox 331 2461 363 2472; x_wconf 90' lang='lat'>-</span> <span class='ocrx_word' id='word_1_341' title='bbox 381 2450 395 2480; x_wconf 91' lang='lat'>«</span> <span class='ocrx_word' id='word_1_342' title='bbox 413 2431 507 2496; x_wconf 82' lang='lat' dir='ltr'><strong>Quare</strong></span> <span class='ocrx_word' id='word_1_343' title='bbox 525 2426 648 2498; x_wconf 85' lang='lat' dir='ltr'><strong>reputati</strong></span> <span class='ocrx_word' id='word_1_344' title='bbox 666 2442 769 2481; x_wconf 89' lang='lat' dir='ltr'><strong>sumus</strong></span> <span class='ocrx_word' id='word_1_345' title='bbox 785 2429 818 2480; x_wconf 88' lang='lat' dir='ltr'><strong>ul</strong></span> <span class='ocrx_word' id='word_1_346' title='bbox 833 2425 980 2495; x_wconf 85' lang='lat' dir='ltr'><strong>jumenta,</strong></span> <span class='ocrx_word' id='word_1_347' title='bbox 998 2442 1012 2470; x_wconf 78' lang='lat' dir='ltr'><strong>u</strong></span> <span class='ocrx_word' id='word_1_348' title='bbox 1067 2425 1211 2493; x_wconf 85' lang='lat' dir='ltr'><strong>diabolus,</strong></span> <span class='ocrx_word' id='word_1_349' title='bbox 1228 2427 1280 2498; x_wconf 91' lang='lat' dir='ltr'><strong>qui</strong></span> <span class='ocrx_word' id='word_1_350' title='bbox 1298 2425 1362 2482; x_wconf 87' lang='lat' dir='ltr'><strong>eitil</strong></span> <span class='ocrx_word' id='word_1_351' title='bbox 1376 2432 1409 2483; x_wconf 91' lang='lat' dir='ltr'><strong>ut</strong></span> <span class='ocrx_word' id='word_1_352' title='bbox 1422 2427 1505 2484; x_wconf 89' lang='lat' dir='ltr'><strong>bibat</strong></span> <span class='ocrx_word' id='word_1_353' title='bbox 1519 2433 1643 2485; x_wconf 90' lang='lat' dir='ltr'><strong>mortem</strong></span> <span class='ocrx_word' id='word_1_354' title='bbox 1660 2429 1826 2501; x_wconf 87' lang='lat' dir='ltr'><strong>peccatoris,</strong></span> <span class='ocrx_word' id='word_1_355' title='bbox 1839 2426 1871 2485; x_wconf 85' lang='lat' dir='ltr'><strong>rel</strong></span> 
     </span>
     <span class='ocr_line' id='line_1_26' title="bbox 189 2510 1872 2590; baseline -0.011 -12"><span class='ocrx_word' id='word_1_356' title='bbox 189 2514 724 2590; x_wconf 84' lang='lat' dir='ltr'><strong>subaudiesse,ebsqueintelligentia,</strong></span> <span class='ocrx_word' id='word_1_357' title='bbox 741 2535 754 2564; x_wconf 76' lang='lat' dir='ltr'><strong>a</strong></span> <span class='ocrx_word' id='word_1_358' title='bbox 765 2520 794 2569; x_wconf 93' lang='lat' dir='ltr'><strong>et</strong></span> <span class='ocrx_word' id='word_1_359' title='bbox 809 2510 1011 2579; x_wconf 77' lang='lat' dir='ltr'><strong>sorduimus.»</strong></span> <span class='ocrx_word' id='word_1_360' title='bbox 1068 2516 1118 2582; x_wconf 82' lang='lat' dir='ltr'><strong>ita,</strong></span> <span class='ocrx_word' id='word_1_361' title='bbox 1135 2537 1149 2565; x_wconf 92' lang='lat'>«</span> <span class='ocrx_word' id='word_1_362' title='bbox 1165 2516 1334 2572; x_wconf 71' lang='lat' dir='ltr'><strong>exardescet</strong></span> <span class='ocrx_word' id='word_1_363' title='bbox 1347 2521 1449 2572; x_wconf 70' lang='lat' dir='ltr'><strong>eontra</strong></span> <span class='ocrx_word' id='word_1_364' title='bbox 1464 2534 1531 2573; x_wconf 69' lang='lat' dir='ltr'><strong>eum</strong></span> <span class='ocrx_word' id='word_1_365' title='bbox 1548 2518 1626 2587; x_wconf 60' lang='lat' dir='ltr'><strong>gitis,</strong></span> <span class='ocrx_word' id='word_1_366' title='bbox 1640 2540 1655 2569; x_wconf 83' lang='lat'><strong>‚‚</strong></span> <span class='ocrx_word' id='word_1_367' title='bbox 1670 2518 1700 2575; x_wconf 64' lang='lat' dir='ltr'><strong>jd</strong></span> <span class='ocrx_word' id='word_1_368' title='bbox 1716 2524 1806 2587; x_wconf 53' lang='lat' dir='ltr'><strong>egga</strong></span> <span class='ocrx_word' id='word_1_369' title='bbox 1816 2533 1872 2576; x_wconf 91' lang='lat' dir='ltr'><strong>con·</strong></span> 
     </span>
     <span class='ocr_line' id='line_1_27' title="bbox 191 2605 1873 2679; baseline -0.01 -3"><span class='ocrx_word' id='word_1_370' title='bbox 191 2612 220 2668; x_wconf 82' lang='lat' dir='ltr'><strong>id</strong></span> <span class='ocrx_word' id='word_1_371' title='bbox 235 2616 281 2666; x_wconf 69' lang='lat' dir='ltr'><strong>est</strong></span> <span class='ocrx_word' id='word_1_372' title='bbox 296 2608 435 2665; x_wconf 71' lang='lat' dir='ltr'><strong>viluimus</strong></span> <span class='ocrx_word' id='word_1_373' title='bbox 450 2622 549 2662; x_wconf 65' lang='lat' dir='ltr'><strong>cmm</strong></span> <span class='ocrx_word' id='word_1_374' title='bbox 565 2605 671 2661; x_wconf 74' lang='lat' dir='ltr'><strong>vobis?</strong></span> <span class='ocrx_word' id='word_1_375' title='bbox 1068 2605 1224 2661; x_wconf 84' lang='lat' dir='ltr'><strong>suetudine</strong></span> <span class='ocrx_word' id='word_1_376' title='bbox 1238 2605 1349 2676; x_wconf 88' lang='lat' dir='ltr'><strong>peceati</strong></span> <span class='ocrx_word' id='word_1_377' title='bbox 1365 2605 1460 2676; x_wconf 89' lang='lat' dir='ltr'><strong>megia</strong></span> <span class='ocrx_word' id='word_1_378' title='bbox 1476 2622 1510 2660; x_wconf 87' lang='lat' dir='ltr'><strong>ac</strong></span> <span class='ocrx_word' id='word_1_379' title='bbox 1526 2605 1619 2679; x_wconf 81' lang='lat' dir='ltr'><strong>mugio</strong></span> <span class='ocrx_word' id='word_1_380' title='bbox 1631 2606 1798 2664; x_wconf 81' lang='lat' dir='ltr'><strong>accenditur</strong></span> <span class='ocrx_word' id='word_1_381' title='bbox 1810 2605 1873 2664; x_wconf 82' lang='lat' dir='ltr'><strong>deei-</strong></span> 
     </span>
     <span class='ocr_line' id='line_1_28' title="bbox 226 2689 1873 2768; baseline -0.005 -12"><span class='ocrx_word' id='word_1_382' title='bbox 226 2699 309 2758; x_wconf 81' lang='lat' dir='ltr'><strong>Vsrre.</strong></span> <span class='ocrx_word' id='word_1_383' title='bbox 325 2699 352 2755; x_wconf 77' lang='lat' dir='ltr'><strong>t.</strong></span> <span class='ocrx_word' id='word_1_384' title='bbox 367 2729 400 2739; x_wconf 88' lang='lat'><em>-</em></span> <span class='ocrx_word' id='word_1_385' title='bbox 416 2718 431 2745; x_wconf 87' lang='lat'>«</span> <span class='ocrx_word' id='word_1_386' title='bbox 447 2696 500 2762; x_wconf 85' lang='lat' dir='ltr'><strong>Qui</strong></span> <span class='ocrx_word' id='word_1_387' title='bbox 518 2694 615 2768; x_wconf 88' lang='lat' dir='ltr'><strong>perdis</strong></span> <span class='ocrx_word' id='word_1_388' title='bbox 632 2693 757 2749; x_wconf 89' lang='lat' dir='ltr'><strong>animem</strong></span> <span class='ocrx_word' id='word_1_389' title='bbox 775 2695 855 2747; x_wconf 87' lang='lat' dir='ltr'><strong>tuem</strong></span> <span class='ocrx_word' id='word_1_390' title='bbox 871 2690 900 2744; x_wconf 90' lang='lat' dir='ltr'><strong>ln</strong></span> <span class='ocrx_word' id='word_1_391' title='bbox 918 2689 1014 2744; x_wconf 90' lang='lat' dir='ltr'><strong>lurore</strong></span> <span class='ocrx_word' id='word_1_392' title='bbox 1068 2693 1182 2749; x_wconf 89' lang='lat' dir='ltr'><strong>derium</strong></span> <span class='ocrx_word' id='word_1_393' title='bbox 1209 2695 1381 2766; x_wconf 83' lang='lat' dir='ltr'><strong>peccatoris,</strong></span> <span class='ocrx_word' id='word_1_394' title='bbox 1404 2694 1549 2763; x_wconf 84' lang='lat' dir='ltr'><strong>videlicet,</strong></span> <span class='ocrx_word' id='word_1_395' title='bbox 1571 2696 1642 2768; x_wconf 84' lang='lat' dir='ltr'><strong>quin</strong></span> <span class='ocrx_word' id='word_1_396' title='bbox 1669 2696 1873 2754; x_wconf 83' lang='lat' dir='ltr'><strong>delectationem</strong></span> 
     </span>
     <span class='ocr_line' id='line_1_29' title="bbox 189 2780 1874 2861; baseline -0.004 -13"><span class='ocrx_word' id='word_1_397' title='bbox 189 2796 251 2861; x_wconf 89' lang='lat' dir='ltr'><strong>tuo,</strong></span> <span class='ocrx_word' id='word_1_398' title='bbox 268 2813 282 2842; x_wconf 79' lang='lat' dir='ltr'><strong>a</strong></span> <span class='ocrx_word' id='word_1_399' title='bbox 300 2789 436 2846; x_wconf 89' lang='lat' dir='ltr'><strong>videlicet</strong></span> <span class='ocrx_word' id='word_1_400' title='bbox 452 2789 530 2844; x_wconf 82' lang='lat' dir='ltr'><strong>sicut</strong></span> <span class='ocrx_word' id='word_1_401' title='bbox 541 2788 604 2859; x_wconf 86' lang='lat' dir='ltr'><strong>jem</strong></span> <span class='ocrx_word' id='word_1_402' title='bbox 621 2802 728 2858; x_wconf 89' lang='lat' dir='ltr'><strong>corpus</strong></span> <span class='ocrx_word' id='word_1_403' title='bbox 748 2784 878 2857; x_wconf 89' lang='lat' dir='ltr'><strong>peditum</strong></span> <span class='ocrx_word' id='word_1_404' title='bbox 894 2787 939 2837; x_wconf 87' lang='lat' dir='ltr'><strong>est</strong></span> <span class='ocrx_word' id='word_1_405' title='bbox 963 2780 1012 2835; x_wconf 92' lang='lat' dir='ltr'><strong>ul·</strong></span> <span class='ocrx_word' id='word_1_406' title='bbox 1068 2782 1141 2849; x_wconf 87' lang='lat' dir='ltr'><strong>sitit,</strong></span> <span class='ocrx_word' id='word_1_407' title='bbox 1157 2784 1290 2854; x_wconf 88' lang='lat' dir='ltr'><strong>quemvis</strong></span> <span class='ocrx_word' id='word_1_408' title='bbox 1310 2789 1432 2840; x_wconf 90' lang='lat' dir='ltr'><strong>mortem</strong></span> <span class='ocrx_word' id='word_1_409' title='bbox 1450 2790 1642 2858; x_wconf 78' lang='lat' dir='ltr'><strong>metuatque</strong></span> <span class='ocrx_word' id='word_1_410' title='bbox 1664 2786 1757 2860; x_wconf 85' lang='lat' dir='ltr'><strong>puelle</strong></span> <span class='ocrx_word' id='word_1_411' title='bbox 1775 2790 1818 2842; x_wconf 87' lang='grc' dir='ltr'><strong>εει</strong></span> <span class='ocrx_word' id='word_1_412' title='bbox 1837 2801 1874 2842; x_wconf 83' lang='lat' dir='ltr'><strong>eo·</strong></span> 
     </span>
     <span class='ocr_line' id='line_1_30' title="bbox 190 2866 1516 2951; baseline -0.017 -16"><span class='ocrx_word' id='word_1_413' title='bbox 190 2895 255 2935; x_wconf 89' lang='lat' dir='ltr'><strong>cere</strong></span> <span class='ocrx_word' id='word_1_414' title='bbox 277 2879 416 2951; x_wconf 86' lang='lat' dir='ltr'><strong>pessimo.</strong></span> <span class='ocrx_word' id='word_1_415' title='bbox 435 2875 553 2932; x_wconf 82' lang='lat' dir='ltr'><strong>Furoris</strong></span> <span class='ocrx_word' id='word_1_416' title='bbox 578 2873 654 2928; x_wconf 85' lang='lat' dir='ltr'><strong>euim</strong></span> <span class='ocrx_word' id='word_1_417' title='bbox 680 2889 745 2928; x_wconf 87' lang='lat' dir='ltr'><strong>esse</strong></span> <span class='ocrx_word' id='word_1_418' title='bbox 769 2874 882 2940; x_wconf 89' lang='lat' dir='ltr'><strong>puteat,</strong></span> <span class='ocrx_word' id='word_1_419' title='bbox 900 2873 958 2923; x_wconf 89' lang='lat' dir='ltr'><strong>tarn</strong></span> <span class='ocrx_word' id='word_1_420' title='bbox 984 2866 1013 2922; x_wconf 93' lang='lat' dir='ltr'><strong>bi</strong></span> <span class='ocrx_word' id='word_1_421' title='bbox 1068 2889 1121 2929; x_wconf 69' lang='lat' dir='ltr'><strong>cus</strong></span> <span class='ocrx_word' id='word_1_422' title='bbox 1136 2872 1290 2929; x_wconf 65' lang='lat' dir='ltr'><strong>introitum</strong></span> <span class='ocrx_word' id='word_1_423' title='bbox 1305 2872 1516 2931; x_wconf 53' lang='lat' dir='ltr'><strong>delecqaqonqs,</strong></span> 
     </span>
     <span class='ocr_line' id='line_1_31' title="bbox 188 2957 1873 3040; baseline -0.001 -18"><span class='ocrx_word' id='word_1_424' title='bbox 188 2983 276 3040; x_wconf 89' lang='lat' dir='ltr'><strong>quem</strong></span> <span class='ocrx_word' id='word_1_425' title='bbox 293 2982 395 3021; x_wconf 85' lang='lat' dir='ltr'><strong>omnes</strong></span> <span class='ocrx_word' id='word_1_426' title='bbox 411 2963 551 3028; x_wconf 82' lang='lat' dir='ltr'><strong>heretici,</strong></span> <span class='ocrx_word' id='word_1_427' title='bbox 568 2961 622 3017; x_wconf 93' lang='lat' dir='ltr'><strong>hoc</strong></span> <span class='ocrx_word' id='word_1_428' title='bbox 638 2960 716 3032; x_wconf 92' lang='lat' dir='ltr'><strong>quod</strong></span> <span class='ocrx_word' id='word_1_429' title='bbox 733 2960 769 3014; x_wconf 93' lang='lat' dir='ltr'><strong>ab</strong></span> <span class='ocrx_word' id='word_1_430' title='bbox 784 2958 884 3014; x_wconf 84' lang='lat' dir='ltr'><strong>electis</strong></span> <span class='ocrx_word' id='word_1_431' title='bbox 904 2957 1013 3027; x_wconf 87' lang='lat' dir='ltr'><strong>egitur,</strong></span> <span class='ocrx_word' id='word_1_432' title='bbox 1102 2960 1187 3017; x_wconf 83' lang='lat' dir='ltr'><strong>Vnae.</strong></span> <span class='ocrx_word' id='word_1_433' title='bbox 1205 2963 1249 3018; x_wconf 86' lang='grc' dir='ltr'><strong>ιι).</strong></span> <span class='ocrx_word' id='word_1_434' title='bbox 1268 2993 1302 3003; x_wconf 95' lang='grc'>-</span> <span class='ocrx_word' id='word_1_435' title='bbox 1322 2986 1336 3012; x_wconf 77' lang='grc' dir='ltr'>α</span> <span class='ocrx_word' id='word_1_436' title='bbox 1362 2964 1541 3020; x_wconf 79' lang='lat' dir='ltr'><strong>Abscondite</strong></span> <span class='ocrx_word' id='word_1_437' title='bbox 1566 2970 1611 3021; x_wconf 92' lang='lat' dir='ltr'><strong>est</strong></span> <span class='ocrx_word' id='word_1_438' title='bbox 1635 2965 1665 3022; x_wconf 92' lang='lat' dir='ltr'><strong>in</strong></span> <span class='ocrx_word' id='word_1_439' title='bbox 1689 2969 1768 3024; x_wconf 89' lang='lat' dir='ltr'><strong>terre</strong></span> <span class='ocrx_word' id='word_1_440' title='bbox 1789 2964 1873 3038; x_wconf 79' lang='lat' dir='ltr'><strong>pedica</strong></span> 
     </span>
     <span class='ocr_line' id='line_1_32' title="bbox 186 3045 1874 3128; baseline -0.008 -6"><span class='ocrx_word' id='word_1_441' title='bbox 186 3055 347 3110; x_wconf 65' lang='lat' dir='ltr'><strong>Veldissilul’</strong></span> <span class='ocrx_word' id='word_1_442' title='bbox 362 3052 562 3124; x_wconf 65' lang='lat' dir='ltr'><strong>PetserVOrem</strong></span> <span class='ocrx_word' id='word_1_443' title='bbox 573 3051 645 3104; x_wconf 66' lang='lat' dir='ltr'><strong>bene</strong></span> <span class='ocrx_word' id='word_1_444' title='bbox 658 3047 780 3104; x_wconf 70' lang='lat' dir='ltr'><strong>zelantis</strong></span> <span class='ocrx_word' id='word_1_445' title='bbox 791 3047 893 3101; x_wconf 72' lang='lat' dir='ltr'><strong>animi·</strong></span> <span class='ocrx_word' id='word_1_446' title='bbox 906 3068 920 3095; x_wconf 65' lang='grc' dir='ltr'><strong>ι(</strong></span> <span class='ocrx_word' id='word_1_447' title='bbox 933 3045 1012 3100; x_wconf 78' lang='lat' dir='ltr'><strong>Nun·</strong></span> <span class='ocrx_word' id='word_1_448' title='bbox 1068 3048 1142 3120; x_wconf 86' lang='lat' dir='ltr'><strong>ejus,</strong></span> <span class='ocrx_word' id='word_1_449' title='bbox 1150 3072 1164 3100; x_wconf 80' lang='lat' dir='ltr'><strong>a</strong></span> <span class='ocrx_word' id='word_1_450' title='bbox 1182 3050 1275 3120; x_wconf 88' lang='lat' dir='ltr'><strong>idest,</strong></span> <span class='ocrx_word' id='word_1_451' title='bbox 1286 3050 1490 3109; x_wconf 88' lang='lat' dir='ltr'><strong>involutusesl</strong></span> <span class='ocrx_word' id='word_1_452' title='bbox 1501 3053 1530 3109; x_wconf 91' lang='lat' dir='ltr'><strong>in</strong></span> <span class='ocrx_word' id='word_1_453' title='bbox 1541 3053 1752 3112; x_wconf 85' lang='lat' dir='ltr'><strong>terreuolucro</strong></span> <span class='ocrx_word' id='word_1_454' title='bbox 1766 3054 1874 3128; x_wconf 86' lang='lat' dir='ltr'><strong>laqueus</strong></span> 
     </span>
     <span class='ocr_line' id='line_1_33' title="bbox 188 3126 1874 3215; baseline -0.009 -1"><span class='ocrx_word' id='word_1_455' title='bbox 188 3137 1011 3215; x_wconf 59' lang='lat' dir='ltr'><strong>‘illidl‘ffll‘lssftssslld0⁸lPs⁰Pl⁰fh⁰¹¹0suwfflmfflflms</strong></span> <span class='ocrx_word' id='word_1_456' title='bbox 1032 3126 1180 3209; x_wconf 67' lang='lat' dir='ltr'><strong>Cpeccoll</strong></span> <span class='ocrx_word' id='word_1_457' title='bbox 1208 3140 1282 3211; x_wconf 74' lang='lat' dir='ltr'><strong>ejus,</strong></span> <span class='ocrx_word' id='word_1_458' title='bbox 1308 3141 1378 3212; x_wconf 85' lang='lat' dir='ltr'><strong>quie</strong></span> <span class='ocrx_word' id='word_1_459' title='bbox 1412 3141 1549 3199; x_wconf 86' lang='lat' dir='ltr'><strong>videlicet</strong></span> <span class='ocrx_word' id='word_1_460' title='bbox 1575 3142 1718 3200; x_wconf 89' lang='lat' dir='ltr'><strong>inimicus</strong></span> <span class='ocrx_word' id='word_1_461' title='bbox 1747 3144 1874 3201; x_wconf 87' lang='lat' dir='ltr'><strong>insidiens</strong></span> 
     </span>
     <span class='ocr_line' id='line_1_34' title="bbox 190 3222 1874 3306; baseline 0.001 -20"><span class='ocrx_word' id='word_1_462' title='bbox 190 3252 205 3282; x_wconf 78' lang='lat' dir='ltr'><strong>a</strong></span> <span class='ocrx_word' id='word_1_463' title='bbox 220 3228 440 3301; x_wconf 89' lang='lat' dir='ltr'><strong>derelinquetur</strong></span> <span class='ocrx_word' id='word_1_464' title='bbox 455 3233 542 3295; x_wconf 90' lang='lat' dir='ltr'><strong>terra,</strong></span> <span class='ocrx_word' id='word_1_465' title='bbox 560 3249 574 3275; x_wconf 90' lang='lat'>»</span> <span class='ocrx_word' id='word_1_466' title='bbox 603 3225 730 3281; x_wconf 83' lang='lat' dir='ltr'><strong>subaudi</strong></span> <span class='ocrx_word' id='word_1_467' title='bbox 751 3225 853 3287; x_wconf 83' lang='lat' dir='ltr'><strong>eliso,</strong></span> <span class='ocrx_word' id='word_1_468' title='bbox 869 3223 926 3279; x_wconf 87' lang='lat' dir='ltr'><strong>nisi</strong></span> <span class='ocrx_word' id='word_1_469' title='bbox 949 3222 1012 3278; x_wconf 87' lang='lat' dir='ltr'><strong>uni·</strong></span> <span class='ocrx_word' id='word_1_470' title='bbox 1066 3227 1195 3282; x_wconf 88' lang='lat' dir='ltr'><strong>ostendit</strong></span> <span class='ocrx_word' id='word_1_471' title='bbox 1209 3228 1324 3285; x_wconf 87' lang='lat' dir='ltr'><strong>lucrum</strong></span> <span class='ocrx_word' id='word_1_472' title='bbox 1345 3231 1422 3301; x_wconf 92' lang='lat' dir='ltr'><strong>quod</strong></span> <span class='ocrx_word' id='word_1_473' title='bbox 1444 3236 1572 3302; x_wconf 89' lang='lat' dir='ltr'><strong>appetat,</strong></span> <span class='ocrx_word' id='word_1_474' title='bbox 1589 3238 1618 3287; x_wconf 88' lang='lat' dir='ltr'><strong>et</strong></span> <span class='ocrx_word' id='word_1_475' title='bbox 1632 3231 1762 3290; x_wconf 87' lang='lat' dir='ltr'><strong>occultet</strong></span> <span class='ocrx_word' id='word_1_476' title='bbox 1781 3229 1874 3306; x_wconf 81' lang='lat' dir='ltr'><strong>peccati</strong></span> 
     </span>
     <span class='ocr_line' id='line_1_35' title="bbox 190 3311 1872 3395; baseline 0.001 -21"><span class='ocrx_word' id='word_1_477' title='bbox 190 3335 272 3374; x_wconf 82' lang='lat' dir='ltr'><strong>uersa</strong></span> <span class='ocrx_word' id='word_1_478' title='bbox 287 3317 338 3374; x_wconf 91' lang='lat' dir='ltr'><strong>tibi</strong></span> <span class='ocrx_word' id='word_1_479' title='bbox 360 3318 415 3374; x_wconf 89' lang='lat' dir='ltr'><strong>soli</strong></span> <span class='ocrx_word' id='word_1_480' title='bbox 439 3316 605 3384; x_wconf 81' lang='lat' dir='ltr'><strong>concordet,</strong></span> <span class='ocrx_word' id='word_1_481' title='bbox 628 3320 657 3371; x_wconf 91' lang='lat' dir='ltr'><strong>et</strong></span> <span class='ocrx_word' id='word_1_482' title='bbox 680 3319 777 3369; x_wconf 89' lang='lat' dir='ltr'><strong>tecum</strong></span> <span class='ocrx_word' id='word_1_483' title='bbox 804 3311 934 3368; x_wconf 76' lang='lat' dir='ltr'><strong>sentiet?</strong></span> <span class='ocrx_word' id='word_1_484' title='bbox 952 3334 965 3364; x_wconf 77' lang='lat' dir='ltr'><strong>a</strong></span> <span class='ocrx_word' id='word_1_485' title='bbox 980 3312 1014 3366; x_wconf 79' lang='lat' dir='ltr'><strong>lit</strong></span> <span class='ocrx_word' id='word_1_486' title='bbox 1068 3319 1204 3389; x_wconf 88' lang='lat' dir='ltr'><strong>loqueum</strong></span> <span class='ocrx_word' id='word_1_487' title='bbox 1217 3335 1274 3390; x_wconf 94' lang='lat' dir='ltr'><strong>quo</strong></span> <span class='ocrx_word' id='word_1_488' title='bbox 1286 3319 1414 3374; x_wconf 86' lang='lat' dir='ltr'><strong>animam</strong></span> <span class='ocrx_word' id='word_1_489' title='bbox 1426 3321 1489 3392; x_wconf 86' lang='lat' dir='ltr'><strong>ejus</strong></span> <span class='ocrx_word' id='word_1_490' title='bbox 1502 3321 1637 3394; x_wconf 80' lang='lat' dir='ltr'><strong>stringat,</strong></span> <span class='ocrx_word' id='word_1_491' title='bbox 1652 3344 1666 3374; x_wconf 79' lang='grc' dir='ltr'><strong>κ</strong></span> <span class='ocrx_word' id='word_1_492' title='bbox 1680 3328 1712 3379; x_wconf 87' lang='grc' dir='ltr'><strong>ει</strong></span> <span class='ocrx_word' id='word_1_493' title='bbox 1726 3321 1872 3395; x_wconf 65' lang='lat' dir='ltr'><strong>decipulae</strong></span> 
     </span>
     <span class='ocr_line' id='line_1_36' title="bbox 189 3400 1870 3481; baseline 0.001 -18"><span class='ocrx_word' id='word_1_494' title='bbox 189 3408 382 3465; x_wconf 76' lang='lat' dir='ltr'><strong>transferetur</strong></span> <span class='ocrx_word' id='word_1_495' title='bbox 397 3425 485 3480; x_wconf 89' lang='lat' dir='ltr'><strong>rupes</strong></span> <span class='ocrx_word' id='word_1_496' title='bbox 498 3408 533 3462; x_wconf 92' lang='lat' dir='ltr'><strong>do</strong></span> <span class='ocrx_word' id='word_1_497' title='bbox 548 3404 611 3461; x_wconf 92' lang='lat' dir='ltr'><strong>loco</strong></span> <span class='ocrx_word' id='word_1_498' title='bbox 628 3421 693 3471; x_wconf 86' lang='lat' dir='ltr'><strong>suo,</strong></span> <span class='ocrx_word' id='word_1_499' title='bbox 709 3426 723 3454; x_wconf 77' lang='lat' dir='ltr'><strong>a</strong></span> <span class='ocrx_word' id='word_1_500' title='bbox 749 3404 776 3459; x_wconf 92' lang='lat' dir='ltr'><strong>id</strong></span> <span class='ocrx_word' id='word_1_501' title='bbox 799 3410 844 3459; x_wconf 92' lang='lat' dir='ltr'><strong>est</strong></span> <span class='ocrx_word' id='word_1_502' title='bbox 862 3401 916 3457; x_wconf 85' lang='lat' dir='ltr'><strong>riri</strong></span> <span class='ocrx_word' id='word_1_503' title='bbox 936 3400 1013 3456; x_wconf 90' lang='lat' dir='ltr'><strong>llrmi</strong></span> <span class='ocrx_word' id='word_1_504' title='bbox 1065 3404 1209 3473; x_wconf 83' lang='lat' dir='ltr'><strong>videlicet,</strong></span> <span class='ocrx_word' id='word_1_505' title='bbox 1222 3424 1285 3479; x_wconf 81' lang='lat' dir='ltr'><strong>quae</strong></span> <span class='ocrx_word' id='word_1_506' title='bbox 1301 3407 1343 3466; x_wconf 90' lang='lat' dir='ltr'><strong>sie</strong></span> <span class='ocrx_word' id='word_1_507' title='bbox 1356 3415 1488 3481; x_wconf 88' lang='lat' dir='ltr'><strong>ponetur,</strong></span> <span class='ocrx_word' id='word_1_508' title='bbox 1502 3415 1534 3466; x_wconf 89' lang='lat' dir='ltr'><strong>ut</strong></span> <span class='ocrx_word' id='word_1_509' title='bbox 1546 3411 1617 3467; x_wconf 89' lang='lat' dir='ltr'><strong>dum</strong></span> <span class='ocrx_word' id='word_1_510' title='bbox 1629 3428 1698 3468; x_wconf 81' lang='lat' dir='ltr'><strong>esee</strong></span> <span class='ocrx_word' id='word_1_511' title='bbox 1712 3412 1870 3476; x_wconf 83' lang='lat' dir='ltr'><strong>ostenditur,</strong></span> 
     </span>
     <span class='ocr_line' id='line_1_37' title="bbox 191 3492 1869 3575; baseline -0.004 -21"><span class='ocrx_word' id='word_1_512' title='bbox 191 3502 280 3571; x_wconf 89' lang='lat' dir='ltr'><strong>atque</strong></span> <span class='ocrx_word' id='word_1_513' title='bbox 294 3497 458 3554; x_wconf 89' lang='lat' dir='ltr'><strong>eminentes</strong></span> <span class='ocrx_word' id='word_1_514' title='bbox 468 3497 497 3551; x_wconf 93' lang='lat' dir='ltr'><strong>iu</strong></span> <span class='ocrx_word' id='word_1_515' title='bbox 514 3494 668 3568; x_wconf 87' lang='lat' dir='ltr'><strong>sapientia,</strong></span> <span class='ocrx_word' id='word_1_516' title='bbox 678 3493 868 3549; x_wconf 76' lang='lat' dir='ltr'><strong>provebuntur</strong></span> <span class='ocrx_word' id='word_1_517' title='bbox 878 3492 913 3547; x_wconf 88' lang='lat' dir='ltr'><strong>de</strong></span> <span class='ocrx_word' id='word_1_518' title='bbox 923 3507 1011 3547; x_wconf 81' lang='lat' dir='ltr'><strong>seusu</strong></span> <span class='ocrx_word' id='word_1_519' title='bbox 1066 3495 1130 3566; x_wconf 82' lang='lat' dir='ltr'><strong>ipsa</strong></span> <span class='ocrx_word' id='word_1_520' title='bbox 1140 3512 1323 3568; x_wconf 85' lang='lat' dir='ltr'><strong>nequaquem</strong></span> <span class='ocrx_word' id='word_1_521' title='bbox 1335 3515 1350 3552; x_wconf 89' lang='lat' dir='ltr'><strong>e</strong></span> <span class='ocrx_word' id='word_1_522' title='bbox 1363 3503 1534 3555; x_wconf 87' lang='lat' dir='ltr'><strong>transeunte</strong></span> <span class='ocrx_word' id='word_1_523' title='bbox 1545 3500 1712 3567; x_wconf 82' lang='lat' dir='ltr'><strong>videetur,«</strong></span> <span class='ocrx_word' id='word_1_524' title='bbox 1724 3500 1869 3575; x_wconf 63' lang='lat' dir='ltr'><strong>decipula»</strong></span> 
     </span>
     <span class='ocr_line' id='line_1_38' title="bbox 192 3583 1867 3666; baseline -0.001 -21"><span class='ocrx_word' id='word_1_525' title='bbox 192 3605 257 3654; x_wconf 86' lang='lat' dir='ltr'><strong>suo,</strong></span> <span class='ocrx_word' id='word_1_526' title='bbox 274 3593 306 3643; x_wconf 93' lang='lat' dir='ltr'><strong>ut</strong></span> <span class='ocrx_word' id='word_1_527' title='bbox 321 3588 467 3643; x_wconf 84' lang='lat' dir='ltr'><strong>declinent</strong></span> <span class='ocrx_word' id='word_1_528' title='bbox 479 3603 544 3641; x_wconf 86' lang='lat' dir='ltr'><strong>curu</strong></span> <span class='ocrx_word' id='word_1_529' title='bbox 558 3601 646 3642; x_wconf 84' lang='lat' dir='ltr'><strong>seusu</strong></span> <span class='ocrx_word' id='word_1_530' title='bbox 664 3583 738 3640; x_wconf 82' lang='lat' dir='ltr'><strong>tuo?</strong></span> <span class='ocrx_word' id='word_1_531' title='bbox 1065 3583 1199 3656; x_wconf 78' lang='lat' dir='ltr'><strong>inquam,</strong></span> <span class='ocrx_word' id='word_1_532' title='bbox 1216 3607 1230 3635; x_wconf 71' lang='lat' dir='ltr'><strong>e</strong></span> <span class='ocrx_word' id='word_1_533' title='bbox 1250 3584 1341 3654; x_wconf 88' lang='lat' dir='ltr'><strong>illius,</strong></span> <span class='ocrx_word' id='word_1_534' title='bbox 1359 3609 1373 3636; x_wconf 81' lang='lat' dir='ltr'><strong>a</strong></span> <span class='ocrx_word' id='word_1_535' title='bbox 1398 3585 1425 3642; x_wconf 91' lang='lat' dir='ltr'><strong>id</strong></span> <span class='ocrx_word' id='word_1_536' title='bbox 1442 3592 1497 3655; x_wconf 85' lang='lat' dir='ltr'><strong>est,</strong></span> <span class='ocrx_word' id='word_1_537' title='bbox 1517 3589 1679 3661; x_wconf 89' lang='lat' dir='ltr'><strong>perieulum</strong></span> <span class='ocrx_word' id='word_1_538' title='bbox 1694 3590 1867 3666; x_wconf 85' lang='lat' dir='ltr'><strong>deceptionis,</strong></span> 
     </span>
     <span class='ocr_line' id='line_1_39' title="bbox 227 3668 1870 3744; baseline -0.017 -11"><span class='ocrx_word' id='word_1_539' title='bbox 227 3676 314 3732; x_wconf 82' lang='lat' dir='ltr'><strong>Vnae.</strong></span> <span class='ocrx_word' id='word_1_540' title='bbox 331 3679 357 3733; x_wconf 88' lang='lat'><strong>5.</strong></span> <span class='ocrx_word' id='word_1_541' title='bbox 374 3708 408 3718; x_wconf 91' lang='lat'><em>-</em></span> <span class='ocrx_word' id='word_1_542' title='bbox 425 3696 439 3727; x_wconf 82' lang='lat' dir='ltr'><strong>a</strong></span> <span class='ocrx_word' id='word_1_543' title='bbox 455 3675 566 3740; x_wconf 90' lang='lat' dir='ltr'><strong>Nonne,</strong></span> <span class='ocrx_word' id='word_1_544' title='bbox 583 3696 597 3724; x_wconf 80' lang='lat' dir='ltr'><strong>a</strong></span> <span class='ocrx_word' id='word_1_545' title='bbox 615 3671 830 3737; x_wconf 85' lang='lat' dir='ltr'><strong>subaudi,velis</strong></span> <span class='ocrx_word' id='word_1_546' title='bbox 845 3668 947 3739; x_wconf 87' lang='lat' dir='ltr'><strong>nolis,«</strong></span> <span class='ocrx_word' id='word_1_547' title='bbox 964 3668 1014 3725; x_wconf 82' lang='lat' dir='ltr'><strong>lux</strong></span> <span class='ocrx_word' id='word_1_548' title='bbox 1069 3696 1079 3721; x_wconf 77' lang='grc' dir='ltr'><strong>ι</strong></span> <span class='ocrx_word' id='word_1_549' title='bbox 1097 3691 1186 3738; x_wconf 70' lang='lat' dir='ltr'><strong>super</strong></span> <span class='ocrx_word' id='word_1_550' title='bbox 1209 3675 1355 3744; x_wconf 59' lang='lat' dir='ltr'><strong>gemitum,</strong></span> <span class='ocrx_word' id='word_1_551' title='bbox 1369 3697 1383 3725; x_wconf 86' lang='lat'><em>„</em></span> <span class='ocrx_word' id='word_1_552' title='bbox 1407 3676 1436 3731; x_wconf 72' lang='lat' dir='ltr'><strong>jd</strong></span> <span class='ocrx_word' id='word_1_553' title='bbox 1461 3681 1515 3742; x_wconf 51' lang='lat' dir='ltr'><strong>est,</strong></span> <span class='ocrx_word' id='word_1_554' title='bbox 1542 3677 1593 3734; x_wconf 62' lang='lat' dir='ltr'><strong>ubi</strong></span> <span class='ocrx_word' id='word_1_555' title='bbox 1618 3679 1789 3738; x_wconf 55' lang='lat' dir='ltr'><strong>tondentem</strong></span> <span class='ocrx_word' id='word_1_556' title='bbox 1811 3679 1870 3736; x_wconf 57' lang='lat' dir='ltr'><strong>,M</strong></span> 
     </span>
     <span class='ocr_line' id='line_1_40' title="bbox 192 3757 1544 3838; baseline -0.003 -17"><span class='ocrx_word' id='word_1_557' title='bbox 192 3764 275 3838; x_wconf 89' lang='lat' dir='ltr'><strong>impii</strong></span> <span class='ocrx_word' id='word_1_558' title='bbox 291 3765 531 3837; x_wconf 60' lang='lat' dir='ltr'><strong>exstinguere»</strong></span> <span class='ocrx_word' id='word_1_559' title='bbox 548 3764 576 3818; x_wconf 93' lang='lat' dir='ltr'><strong>id</strong></span> <span class='ocrx_word' id='word_1_560' title='bbox 593 3769 634 3818; x_wconf 80' lang='lat' dir='ltr'><strong>est</strong></span> <span class='ocrx_word' id='word_1_561' title='bbox 651 3761 779 3833; x_wconf 83' lang='lat' dir='ltr'><strong>lugitivoe</strong></span> <span class='ocrx_word' id='word_1_562' title='bbox 793 3760 858 3815; x_wconf 77' lang='lat' dir='ltr'><strong>vitae</strong></span> <span class='ocrx_word' id='word_1_563' title='bbox 871 3757 1014 3831; x_wconf 86' lang='lat' dir='ltr'><strong>prosperi·</strong></span> <span class='ocrx_word' id='word_1_564' title='bbox 1066 3761 1161 3818; x_wconf 85' lang='lat' dir='ltr'><strong>hostis</strong></span> <span class='ocrx_word' id='word_1_565' title='bbox 1176 3763 1361 3834; x_wconf 86' lang='lat' dir='ltr'><strong>cogitationis</strong></span> <span class='ocrx_word' id='word_1_566' title='bbox 1376 3765 1440 3833; x_wconf 87' lang='lat' dir='ltr'><strong>ejus</strong></span> <span class='ocrx_word' id='word_1_567' title='bbox 1455 3766 1544 3822; x_wconf 87' lang='lat' dir='ltr'><strong>viem.</strong></span> 
     </span>
     <span class='ocr_line' id='line_1_41' title="bbox 190 3850 1871 3928; baseline -0.005 -18"><span class='ocrx_word' id='word_1_568' title='bbox 190 3861 246 3920; x_wconf 90' lang='lat' dir='ltr'><strong>tes,</strong></span> <span class='ocrx_word' id='word_1_569' title='bbox 261 3861 380 3928; x_wconf 90' lang='lat' dir='ltr'><strong>propter</strong></span> <span class='ocrx_word' id='word_1_570' title='bbox 395 3854 544 3909; x_wconf 88' lang='lat' dir='ltr'><strong>abutentis</strong></span> <span class='ocrx_word' id='word_1_571' title='bbox 560 3852 752 3923; x_wconf 87' lang='lat' dir='ltr'><strong>impietatem,</strong></span> <span class='ocrx_word' id='word_1_572' title='bbox 769 3850 856 3905; x_wconf 88' lang='lat' dir='ltr'><strong>citius</strong></span> <span class='ocrx_word' id='word_1_573' title='bbox 871 3850 1013 3904; x_wconf 86' lang='lat' dir='ltr'><strong>termine·</strong></span> <span class='ocrx_word' id='word_1_574' title='bbox 1101 3850 1190 3906; x_wconf 85' lang='lat' dir='ltr'><strong>Veas.</strong></span> <span class='ocrx_word' id='word_1_575' title='bbox 1213 3853 1254 3908; x_wconf 93' lang='lat' dir='ltr'><strong>ll.</strong></span> <span class='ocrx_word' id='word_1_576' title='bbox 1273 3884 1303 3894; x_wconf 95' lang='lat'>-</span> <span class='ocrx_word' id='word_1_577' title='bbox 1320 3876 1335 3904; x_wconf 77' lang='lat' dir='ltr'><strong>a</strong></span> <span class='ocrx_word' id='word_1_578' title='bbox 1352 3854 1488 3926; x_wconf 89' lang='lat' dir='ltr'><strong>Undique</strong></span> <span class='ocrx_word' id='word_1_579' title='bbox 1507 3859 1662 3915; x_wconf 90' lang='lat' dir='ltr'><strong>terrebunt</strong></span> <span class='ocrx_word' id='word_1_580' title='bbox 1675 3875 1745 3917; x_wconf 90' lang='lat' dir='ltr'><strong>eum</strong></span> <span class='ocrx_word' id='word_1_581' title='bbox 1762 3855 1871 3917; x_wconf 78' lang='lat' dir='ltr'><strong>formidi-</strong></span> 
     </span>
     <span class='ocr_line' id='line_1_42' title="bbox 189 3939 1870 4021; baseline -0.007 -9"><span class='ocrx_word' id='word_1_582' title='bbox 189 3944 278 4010; x_wconf 66' lang='grc' dir='ltr'>δῑῑῦτ,</span> <span class='ocrx_word' id='word_1_583' title='bbox 305 3944 443 4014; x_wconf 67' lang='lat' dir='ltr'><strong>⁸¹¹bfl⁰db</strong></span> <span class='ocrx_word' id='word_1_584' title='bbox 469 3943 547 3998; x_wconf 61' lang='lat' dir='ltr'><strong>Sicut</strong></span> <span class='ocrx_word' id='word_1_585' title='bbox 571 3943 598 3995; x_wconf 61' lang='lat'><strong>1¹¹</strong></span> <span class='ocrx_word' id='word_1_586' title='bbox 626 3945 653 3996; x_wconf 59' lang='grc' dir='ltr'><strong>(θ</strong></span> <span class='ocrx_word' id='word_1_587' title='bbox 675 3939 894 4010; x_wconf 62' lang='lat' dir='ltr'><strong>0⁰ffll³l⁰b³iuo</strong></span> <span class='ocrx_word' id='word_1_588' title='bbox 922 3958 936 3990; x_wconf 74' lang='lat' dir='ltr'><strong>a</strong></span> <span class='ocrx_word' id='word_1_589' title='bbox 961 3952 1013 3993; x_wconf 90' lang='lat' dir='ltr'><strong>uec</strong></span> <span class='ocrx_word' id='word_1_590' title='bbox 1066 3955 1129 4005; x_wconf 82' lang='lat' dir='ltr'><strong>nee.</strong></span> <span class='ocrx_word' id='word_1_591' title='bbox 1147 3963 1160 3989; x_wconf 75' lang='lat' dir='ltr'><strong>u</strong></span> <span class='ocrx_word' id='word_1_592' title='bbox 1176 3942 1205 3997; x_wconf 87' lang='lat' dir='ltr'><strong>ld</strong></span> <span class='ocrx_word' id='word_1_593' title='bbox 1226 3946 1280 4010; x_wconf 90' lang='grc' dir='ltr'><strong>εει,</strong></span> <span class='ocrx_word' id='word_1_594' title='bbox 1294 3940 1368 3999; x_wconf 85' lang='lat' dir='ltr'><strong>tales</strong></span> <span class='ocrx_word' id='word_1_595' title='bbox 1383 3960 1486 4000; x_wconf 89' lang='lat' dir='ltr'><strong>omnes</strong></span> <span class='ocrx_word' id='word_1_596' title='bbox 1508 3957 1739 4007; x_wconf 88' lang='lat' dir='ltr'><strong>contresecese</strong></span> <span class='ocrx_word' id='word_1_597' title='bbox 1757 3947 1870 4021; x_wconf 84' lang='lat' dir='ltr'><strong>suspice·</strong></span> 
     </span>
     <span class='ocr_line' id='line_1_43' title="bbox 187 4026 1871 4108; baseline 0.003 -22"><span class='ocrx_word' id='word_1_598' title='bbox 187 4030 357 4103; x_wconf 84' lang='lat' dir='ltr'><strong>splendebit</strong></span> <span class='ocrx_word' id='word_1_599' title='bbox 372 4033 489 4086; x_wconf 86' lang='lat' dir='ltr'><strong>llamnre</strong></span> <span class='ocrx_word' id='word_1_600' title='bbox 505 4031 582 4103; x_wconf 90' lang='lat' dir='ltr'><strong>ignis</strong></span> <span class='ocrx_word' id='word_1_601' title='bbox 597 4031 673 4101; x_wconf 84' lang='lat' dir='ltr'><strong>ejus,</strong></span> <span class='ocrx_word' id='word_1_602' title='bbox 691 4052 704 4078; x_wconf 70' lang='lat' dir='ltr'><strong>o</strong></span> <span class='ocrx_word' id='word_1_603' title='bbox 721 4026 855 4083; x_wconf 86' lang='lat' dir='ltr'><strong>videlicet</strong></span> <span class='ocrx_word' id='word_1_604' title='bbox 881 4042 965 4097; x_wconf 90' lang='lat' dir='ltr'><strong>quern</strong></span> <span class='ocrx_word' id='word_1_605' title='bbox 983 4026 1012 4082; x_wconf 90' lang='lat' dir='ltr'><strong>iu</strong></span> <span class='ocrx_word' id='word_1_606' title='bbox 1066 4036 1125 4100; x_wconf 93' lang='lat' dir='ltr'><strong>tur,</strong></span> <span class='ocrx_word' id='word_1_607' title='bbox 1142 4031 1237 4101; x_wconf 85' lang='lat' dir='ltr'><strong>qualia</strong></span> <span class='ocrx_word' id='word_1_608' title='bbox 1253 4031 1315 4104; x_wconf 84' lang='lat' dir='ltr'><strong>ipse</strong></span> <span class='ocrx_word' id='word_1_609' title='bbox 1327 4048 1392 4088; x_wconf 89' lang='lat' dir='ltr'><strong>esse</strong></span> <span class='ocrx_word' id='word_1_610' title='bbox 1407 4040 1509 4091; x_wconf 88' lang='lat' dir='ltr'><strong>contra</strong></span> <span class='ocrx_word' id='word_1_611' title='bbox 1527 4051 1630 4092; x_wconf 83' lang='lat' dir='ltr'><strong>omues</strong></span> <span class='ocrx_word' id='word_1_612' title='bbox 1647 4036 1786 4108; x_wconf 82' lang='lat' dir='ltr'><strong>uilitur,«</strong></span> <span class='ocrx_word' id='word_1_613' title='bbox 1800 4043 1827 4095; x_wconf 90' lang='lat' dir='ltr'><strong>et</strong></span> <span class='ocrx_word' id='word_1_614' title='bbox 1838 4036 1871 4092; x_wconf 87' lang='lat' dir='ltr'><strong>in·</strong></span> 
     </span>
     <span class='ocr_line' id='line_1_44' title="bbox 188 4114 1871 4193; baseline -0.007 -18"><span class='ocrx_word' id='word_1_615' title='bbox 188 4120 276 4175; x_wconf 93' lang='lat' dir='ltr'><strong>corde</strong></span> <span class='ocrx_word' id='word_1_616' title='bbox 289 4137 343 4175; x_wconf 89' lang='lat' dir='ltr'><strong>sou</strong></span> <span class='ocrx_word' id='word_1_617' title='bbox 360 4136 394 4175; x_wconf 86' lang='lat' dir='ltr'><strong>ex</strong></span> <span class='ocrx_word' id='word_1_618' title='bbox 414 4121 524 4175; x_wconf 83' lang='lat' dir='ltr'><strong>lerrore</strong></span> <span class='ocrx_word' id='word_1_619' title='bbox 546 4119 710 4174; x_wconf 87' lang='lat' dir='ltr'><strong>cernelium</strong></span> <span class='ocrx_word' id='word_1_620' title='bbox 734 4114 946 4171; x_wconf 85' lang='lat' dir='ltr'><strong>desideriorum</strong></span> <span class='ocrx_word' id='word_1_621' title='bbox 962 4131 1011 4170; x_wconf 88' lang='lat' dir='ltr'><strong>ue·</strong></span> <span class='ocrx_word' id='word_1_622' title='bbox 1066 4116 1181 4174; x_wconf 83' lang='lat' dir='ltr'><strong>volvent</strong></span> <span class='ocrx_word' id='word_1_623' title='bbox 1196 4121 1450 4193; x_wconf 60' lang='lat' dir='ltr'><strong>compedesque,</strong></span> <span class='ocrx_word' id='word_1_624' title='bbox 1464 4146 1478 4173; x_wconf 77' lang='lat' dir='ltr'><strong>a</strong></span> <span class='ocrx_word' id='word_1_625' title='bbox 1493 4123 1521 4178; x_wconf 78' lang='lat' dir='ltr'><strong>id</strong></span> <span class='ocrx_word' id='word_1_626' title='bbox 1536 4130 1593 4189; x_wconf 67' lang='lat' dir='ltr'><strong>est,</strong></span> <span class='ocrx_word' id='word_1_627' title='bbox 1607 4125 1637 4182; x_wconf 71' lang='lat' dir='ltr'><strong>in</strong></span> <span class='ocrx_word' id='word_1_628' title='bbox 1651 4133 1763 4184; x_wconf 52' lang='lat' dir='ltr'><strong>rectam</strong></span> <span class='ocrx_word' id='word_1_629' title='bbox 1778 4123 1871 4184; x_wconf 63' lang='lat' dir='ltr'><strong>mg.</strong></span> 
     </span>
     <span class='ocr_line' id='line_1_45' title="bbox 186 4204 1871 4287; baseline 0.004 -26"><span class='ocrx_word' id='word_1_630' title='bbox 186 4206 310 4262; x_wconf 75' lang='lat' dir='ltr'><strong>cendit?</strong></span> <span class='ocrx_word' id='word_1_631' title='bbox 326 4208 467 4276; x_wconf 79' lang='lat' dir='ltr'><strong>subaudi,</strong></span> <span class='ocrx_word' id='word_1_632' title='bbox 485 4224 541 4262; x_wconf 89' lang='lat' dir='ltr'><strong>uon</strong></span> <span class='ocrx_word' id='word_1_633' title='bbox 559 4205 735 4279; x_wconf 90' lang='lat' dir='ltr'><strong>splendebit,</strong></span> <span class='ocrx_word' id='word_1_634' title='bbox 752 4205 803 4261; x_wconf 87' lang='lat' dir='ltr'><strong>red</strong></span> <span class='ocrx_word' id='word_1_635' title='bbox 819 4205 855 4260; x_wconf 89' lang='lat' dir='ltr'><strong>ud</strong></span> <span class='ocrx_word' id='word_1_636' title='bbox 878 4204 1013 4260; x_wconf 84' lang='lat' dir='ltr'><strong>tenebrae</strong></span> <span class='ocrx_word' id='word_1_637' title='bbox 1066 4212 1213 4261; x_wconf 82' lang='lat' dir='ltr'><strong>nauteam</strong></span> <span class='ocrx_word' id='word_1_638' title='bbox 1229 4207 1306 4264; x_wconf 83' lang='lat' dir='ltr'><strong>exire</strong></span> <span class='ocrx_word' id='word_1_639' title='bbox 1315 4212 1460 4266; x_wconf 90' lang='lat' dir='ltr'><strong>actionem</strong></span> <span class='ocrx_word' id='word_1_640' title='bbox 1471 4212 1615 4282; x_wconf 80' lang='lat' dir='ltr'><strong>predicte</strong></span> <span class='ocrx_word' id='word_1_641' title='bbox 1626 4214 1802 4273; x_wconf 75' lang='lat' dir='ltr'><strong>formidines</strong></span> <span class='ocrx_word' id='word_1_642' title='bbox 1811 4216 1871 4287; x_wconf 72' lang='lat' dir='ltr'><strong>eius,</strong></span> 
     </span>
     <span class='ocr_line' id='line_1_46' title="bbox 188 4294 1871 4378; baseline 0.004 -26"><span class='ocrx_word' id='word_1_643' title='bbox 188 4296 381 4368; x_wconf 88' lang='lat' dir='ltr'><strong>pertrahetur.</strong></span> <span class='ocrx_word' id='word_1_644' title='bbox 401 4296 448 4352; x_wconf 90' lang='lat' dir='ltr'><strong>Sic</strong></span> <span class='ocrx_word' id='word_1_645' title='bbox 464 4296 563 4368; x_wconf 87' lang='lat' dir='ltr'><strong>procul</strong></span> <span class='ocrx_word' id='word_1_646' title='bbox 581 4295 671 4350; x_wconf 89' lang='lat' dir='ltr'><strong>dubio</strong></span> <span class='ocrx_word' id='word_1_647' title='bbox 688 4296 747 4351; x_wconf 85' lang='lat' dir='ltr'><strong>fiet.</strong></span> <span class='ocrx_word' id='word_1_648' title='bbox 1066 4294 1134 4365; x_wconf 86' lang='lat' dir='ltr'><strong>quia</strong></span> <span class='ocrx_word' id='word_1_649' title='bbox 1156 4294 1289 4352; x_wconf 89' lang='lat' dir='ltr'><strong>videlieet</strong></span> <span class='ocrx_word' id='word_1_650' title='bbox 1312 4314 1388 4370; x_wconf 81' lang='lat' dir='ltr'><strong>sepe</strong></span> <span class='ocrx_word' id='word_1_651' title='bbox 1409 4300 1553 4373; x_wconf 88' lang='lat' dir='ltr'><strong>contingit</strong></span> <span class='ocrx_word' id='word_1_652' title='bbox 1571 4308 1604 4359; x_wconf 92' lang='lat' dir='ltr'><strong>ut</strong></span> <span class='ocrx_word' id='word_1_653' title='bbox 1630 4302 1742 4362; x_wconf 88' lang='lat' dir='ltr'><strong>idcirco</strong></span> <span class='ocrx_word' id='word_1_654' title='bbox 1763 4306 1871 4378; x_wconf 76' lang='lat' dir='ltr'><strong>quisque</strong></span> 
     </span>
     <span class='ocr_line' id='line_1_47' title="bbox 226 4382 1870 4469; baseline 0.004 -31"><span class='ocrx_word' id='word_1_655' title='bbox 226 4384 317 4441; x_wconf 85' lang='lat' dir='ltr'><strong>Veas.</strong></span> <span class='ocrx_word' id='word_1_656' title='bbox 333 4385 360 4439; x_wconf 82' lang='lat' dir='ltr'><strong>o.</strong></span> <span class='ocrx_word' id='word_1_657' title='bbox 377 4416 411 4426; x_wconf 97' lang='lat'><em>-</em></span> <span class='ocrx_word' id='word_1_658' title='bbox 425 4408 439 4434; x_wconf 78' lang='lat' dir='ltr'><strong>a</strong></span> <span class='ocrx_word' id='word_1_659' title='bbox 458 4389 515 4439; x_wconf 81' lang='lat' dir='ltr'><strong>tux</strong></span> <span class='ocrx_word' id='word_1_660' title='bbox 531 4384 786 4448; x_wconf 80' lang='lat' dir='ltr'><strong>obtenebrescet,»</strong></span> <span class='ocrx_word' id='word_1_661' title='bbox 800 4382 828 4438; x_wconf 93' lang='lat' dir='ltr'><strong>id</strong></span> <span class='ocrx_word' id='word_1_662' title='bbox 845 4387 890 4438; x_wconf 86' lang='lat' dir='ltr'><strong>est</strong></span> <span class='ocrx_word' id='word_1_663' title='bbox 902 4385 1011 4453; x_wconf 89' lang='lat' dir='ltr'><strong>tempo·</strong></span> <span class='ocrx_word' id='word_1_664' title='bbox 1065 4383 1160 4440; x_wconf 88' lang='lat' dir='ltr'><strong>bouus</strong></span> <span class='ocrx_word' id='word_1_665' title='bbox 1179 4400 1243 4440; x_wconf 87' lang='lat' dir='ltr'><strong>esse</strong></span> <span class='ocrx_word' id='word_1_666' title='bbox 1264 4390 1384 4456; x_wconf 90' lang='lat' dir='ltr'><strong>metuat,</strong></span> <span class='ocrx_word' id='word_1_667' title='bbox 1401 4404 1438 4444; x_wconf 91' lang='lat' dir='ltr'><strong>ne</strong></span> <span class='ocrx_word' id='word_1_668' title='bbox 1452 4387 1507 4444; x_wconf 92' lang='lat' dir='ltr'><strong>boc</strong></span> <span class='ocrx_word' id='word_1_669' title='bbox 1522 4406 1540 4446; x_wconf 89' lang='lat' dir='ltr'><strong>e</strong></span> <span class='ocrx_word' id='word_1_670' title='bbox 1555 4392 1652 4462; x_wconf 83' lang='lat' dir='ltr'><strong>previa</strong></span> <span class='ocrx_word' id='word_1_671' title='bbox 1667 4391 1732 4466; x_wconf 86' lang='lat' dir='ltr'><strong>ipse</strong></span> <span class='ocrx_word' id='word_1_672' title='bbox 1750 4395 1870 4469; x_wconf 79' lang='lat' dir='ltr'><strong>patiatur,</strong></span> 
     </span>
     <span class='ocr_line' id='line_1_48' title="bbox 187 4471 1636 4560; baseline 0.006 -33"><span class='ocrx_word' id='word_1_673' title='bbox 187 4471 293 4529; x_wconf 88' lang='lat' dir='ltr'><strong>relium</strong></span> <span class='ocrx_word' id='word_1_674' title='bbox 311 4489 409 4530; x_wconf 90' lang='lat' dir='ltr'><strong>rerum</strong></span> <span class='ocrx_word' id='word_1_675' title='bbox 425 4471 693 4546; x_wconf 88' lang='lat' dir='ltr'><strong>gaudiumomnino</strong></span> <span class='ocrx_word' id='word_1_676' title='bbox 710 4472 835 4539; x_wconf 87' lang='lat' dir='ltr'><strong>deliciet,</strong></span> <span class='ocrx_word' id='word_1_677' title='bbox 847 4494 862 4522; x_wconf 89' lang='lat'>«</span> <span class='ocrx_word' id='word_1_678' title='bbox 876 4472 904 4526; x_wconf 92' lang='lat' dir='ltr'><strong>in</strong></span> <span class='ocrx_word' id='word_1_679' title='bbox 916 4472 1011 4527; x_wconf 88' lang='lat' dir='ltr'><strong>teber-</strong></span> <span class='ocrx_word' id='word_1_680' title='bbox 1028 4496 1049 4560; x_wconf 72' lang='lat' dir='ltr'>D</span> <span class='ocrx_word' id='word_1_681' title='bbox 1066 4474 1142 4544; x_wconf 92' lang='lat' dir='ltr'><strong>quod</strong></span> <span class='ocrx_word' id='word_1_682' title='bbox 1159 4489 1190 4528; x_wconf 89' lang='grc' dir='ltr'><strong>εε</strong></span> <span class='ocrx_word' id='word_1_683' title='bbox 1206 4473 1291 4530; x_wconf 87' lang='lat' dir='ltr'><strong>bouis</strong></span> <span class='ocrx_word' id='word_1_684' title='bbox 1308 4474 1410 4532; x_wconf 85' lang='lat' dir='ltr'><strong>iecisse</strong></span> <span class='ocrx_word' id='word_1_685' title='bbox 1426 4477 1636 4536; x_wconf 88' lang='lat' dir='ltr'><strong>reminiscitur.</strong></span> 
     </span>
     <span class='ocr_line' id='line_1_49' title="bbox 186 4558 1871 4644; baseline 0.007 -29"><span class='ocrx_word' id='word_1_686' title='bbox 186 4561 302 4630; x_wconf 89' lang='lat' dir='ltr'><strong>neculo,</strong></span> <span class='ocrx_word' id='word_1_687' title='bbox 319 4583 334 4611; x_wconf 76' lang='lat' dir='ltr'><strong>o</strong></span> <span class='ocrx_word' id='word_1_688' title='bbox 349 4560 377 4616; x_wconf 92' lang='lat' dir='ltr'><strong>id</strong></span> <span class='ocrx_word' id='word_1_689' title='bbox 389 4566 434 4618; x_wconf 96' lang='grc' dir='ltr'><strong>εει</strong></span> <span class='ocrx_word' id='word_1_690' title='bbox 449 4561 477 4616; x_wconf 86' lang='lat' dir='ltr'><strong>iu</strong></span> <span class='ocrx_word' id='word_1_691' title='bbox 493 4560 673 4616; x_wconf 83' lang='lat' dir='ltr'><strong>conscientie</strong></span> <span class='ocrx_word' id='word_1_692' title='bbox 688 4558 802 4629; x_wconf 86' lang='lat' dir='ltr'><strong>illius,«</strong></span> <span class='ocrx_word' id='word_1_693' title='bbox 817 4564 846 4616; x_wconf 90' lang='lat' dir='ltr'><strong>et</strong></span> <span class='ocrx_word' id='word_1_694' title='bbox 861 4558 1009 4624; x_wconf 68' lang='lat' dir='ltr'><strong>lucerna»</strong></span> <span class='ocrx_word' id='word_1_695' title='bbox 1099 4562 1186 4619; x_wconf 71' lang='lat' dir='ltr'><strong>Vnae.</strong></span> <span class='ocrx_word' id='word_1_696' title='bbox 1201 4563 1244 4618; x_wconf 83' lang='lat'><strong>12.</strong></span> <span class='ocrx_word' id='word_1_697' title='bbox 1260 4594 1295 4605; x_wconf 97' lang='lat'>-</span> <span class='ocrx_word' id='word_1_698' title='bbox 1310 4586 1324 4615; x_wconf 78' lang='lat' dir='ltr'><strong>a</strong></span> <span class='ocrx_word' id='word_1_699' title='bbox 1342 4568 1516 4622; x_wconf 72' lang='lat' dir='ltr'><strong>attenuetur</strong></span> <span class='ocrx_word' id='word_1_700' title='bbox 1530 4568 1607 4625; x_wconf 85' lang='lat' dir='ltr'><strong>leure</strong></span> <span class='ocrx_word' id='word_1_701' title='bbox 1624 4570 1715 4627; x_wconf 93' lang='lat' dir='ltr'><strong>robur</strong></span> <span class='ocrx_word' id='word_1_702' title='bbox 1730 4573 1807 4644; x_wconf 89' lang='lat' dir='ltr'><strong>ejus,</strong></span> <span class='ocrx_word' id='word_1_703' title='bbox 1825 4567 1871 4625; x_wconf 81' lang='lat' dir='ltr'><strong>»il</strong></span> 
     </span>
     <span class='ocr_line' id='line_1_50' title="bbox 184 4647 1870 4732; baseline -0.004 -28"><span class='ocrx_word' id='word_1_704' title='bbox 184 4649 213 4705; x_wconf 94' lang='lat' dir='ltr'><strong>ld</strong></span> <span class='ocrx_word' id='word_1_705' title='bbox 230 4656 274 4706; x_wconf 87' lang='grc' dir='ltr'><strong>εει</strong></span> <span class='ocrx_word' id='word_1_706' title='bbox 288 4649 428 4722; x_wconf 85' lang='lat' dir='ltr'><strong>gaudium</strong></span> <span class='ocrx_word' id='word_1_707' title='bbox 441 4649 566 4705; x_wconf 86' lang='lat' dir='ltr'><strong>cernale.</strong></span> <span class='ocrx_word' id='word_1_708' title='bbox 584 4670 598 4700; x_wconf 72' lang='grc' dir='ltr'><strong>ι(</strong></span> <span class='ocrx_word' id='word_1_709' title='bbox 616 4650 744 4705; x_wconf 87' lang='lat' dir='ltr'><strong>Lucerna</strong></span> <span class='ocrx_word' id='word_1_710' title='bbox 757 4647 833 4704; x_wconf 90' lang='lat' dir='ltr'><strong>enim</strong></span> <span class='ocrx_word' id='word_1_711' title='bbox 854 4647 952 4704; x_wconf 91' lang='lat' dir='ltr'><strong>lumen</strong></span> <span class='ocrx_word' id='word_1_712' title='bbox 964 4651 1010 4704; x_wconf 90' lang='lat' dir='ltr'><strong>est</strong></span> <span class='ocrx_word' id='word_1_713' title='bbox 1063 4657 1117 4719; x_wconf 86' lang='lat' dir='ltr'><strong>est,</strong></span> <span class='ocrx_word' id='word_1_714' title='bbox 1132 4651 1284 4708; x_wconf 87' lang='lat' dir='ltr'><strong>rationalis</strong></span> <span class='ocrx_word' id='word_1_715' title='bbox 1299 4652 1404 4710; x_wconf 83' lang='lat' dir='ltr'><strong>anime</strong></span> <span class='ocrx_word' id='word_1_716' title='bbox 1419 4655 1496 4727; x_wconf 85' lang='lat' dir='ltr'><strong>ejus,</strong></span> <span class='ocrx_word' id='word_1_717' title='bbox 1512 4672 1571 4730; x_wconf 88' lang='lat' dir='ltr'><strong>que</strong></span> <span class='ocrx_word' id='word_1_718' title='bbox 1585 4675 1621 4715; x_wconf 90' lang='lat' dir='ltr'><strong>ex</strong></span> <span class='ocrx_word' id='word_1_719' title='bbox 1636 4664 1719 4732; x_wconf 87' lang='lat' dir='ltr'><strong>parte</strong></span> <span class='ocrx_word' id='word_1_720' title='bbox 1734 4662 1820 4720; x_wconf 75' lang='lat' dir='ltr'><strong>bomo</strong></span> <span class='ocrx_word' id='word_1_721' title='bbox 1836 4675 1870 4716; x_wconf 66' lang='lat' dir='ltr'><strong>m.</strong></span> 
     </span>
     <span class='ocr_line' id='line_1_51' title="bbox 182 4738 1870 4818; baseline 0.007 -20"><span class='ocrx_word' id='word_1_722' title='bbox 182 4741 213 4798; x_wconf 92' lang='lat' dir='ltr'><strong>in</strong></span> <span class='ocrx_word' id='word_1_723' title='bbox 229 4740 420 4811; x_wconf 87' lang='lat' dir='ltr'><strong>testa,lumeu</strong></span> <span class='ocrx_word' id='word_1_724' title='bbox 434 4747 530 4797; x_wconf 88' lang='lat' dir='ltr'><strong>autern</strong></span> <span class='ocrx_word' id='word_1_725' title='bbox 542 4741 571 4797; x_wconf 89' lang='lat' dir='ltr'><strong>iu</strong></span> <span class='ocrx_word' id='word_1_726' title='bbox 586 4746 659 4796; x_wconf 91' lang='lat' dir='ltr'><strong>testa</strong></span> <span class='ocrx_word' id='word_1_727' title='bbox 674 4740 812 4812; x_wconf 79' lang='lat' dir='ltr'><strong>gaudium</strong></span> <span class='ocrx_word' id='word_1_728' title='bbox 824 4738 908 4795; x_wconf 87' lang='lat' dir='ltr'><strong>estin</strong></span> <span class='ocrx_word' id='word_1_729' title='bbox 919 4754 1007 4795; x_wconf 89' lang='lat' dir='ltr'><strong>earne</strong></span> <span class='ocrx_word' id='word_1_730' title='bbox 1062 4741 1194 4812; x_wconf 87' lang='lat' dir='ltr'><strong>boratur,</strong></span> <span class='ocrx_word' id='word_1_731' title='bbox 1210 4742 1261 4814; x_wconf 89' lang='lat' dir='ltr'><strong>qui</strong></span> <span class='ocrx_word' id='word_1_732' title='bbox 1276 4740 1376 4815; x_wconf 93' lang='lat' dir='ltr'><strong>utique</strong></span> <span class='ocrx_word' id='word_1_733' title='bbox 1389 4760 1422 4798; x_wconf 83' lang='lat' dir='ltr'><strong>ex</strong></span> <span class='ocrx_word' id='word_1_734' title='bbox 1443 4744 1500 4801; x_wconf 90' lang='lat' dir='ltr'><strong>alie</strong></span> <span class='ocrx_word' id='word_1_735' title='bbox 1515 4752 1609 4818; x_wconf 90' lang='lat' dir='ltr'><strong>parte,</strong></span> <span class='ocrx_word' id='word_1_736' title='bbox 1626 4748 1656 4805; x_wconf 92' lang='lat' dir='ltr'><strong>id</strong></span> <span class='ocrx_word' id='word_1_737' title='bbox 1672 4756 1719 4807; x_wconf 91' lang='grc' dir='ltr'><strong>εει</strong></span> <span class='ocrx_word' id='word_1_738' title='bbox 1734 4768 1769 4809; x_wconf 84' lang='lat' dir='ltr'><strong>ex</strong></span> <span class='ocrx_word' id='word_1_739' title='bbox 1782 4766 1870 4808; x_wconf 76' lang='lat' dir='ltr'><strong>corre·</strong></span> 
     </span>
     <span class='ocr_line' id='line_1_52' title="bbox 183 4828 1871 4912; baseline 0.006 -26"><span class='ocrx_word' id='word_1_740' title='bbox 183 4831 269 4901; x_wconf 84' lang='grc'>(11).»</span> <span class='ocrx_word' id='word_1_741' title='bbox 284 4861 319 4871; x_wconf 90' lang='grc'>-</span> <span class='ocrx_word' id='word_1_742' title='bbox 336 4852 350 4880; x_wconf 89' lang='lat'>«</span> <span class='ocrx_word' id='word_1_743' title='bbox 364 4830 493 4886; x_wconf 89' lang='lat' dir='ltr'><strong>Lucerna</strong></span> <span class='ocrx_word' id='word_1_744' title='bbox 503 4847 571 4902; x_wconf 86' lang='lat' dir='ltr'><strong>ergo</strong></span> <span class='ocrx_word' id='word_1_745' title='bbox 583 4847 647 4901; x_wconf 81' lang='lat' dir='ltr'><strong>quae</strong></span> <span class='ocrx_word' id='word_1_746' title='bbox 658 4845 747 4901; x_wconf 81' lang='lat' dir='ltr'><strong>super</strong></span> <span class='ocrx_word' id='word_1_747' title='bbox 757 4844 822 4883; x_wconf 86' lang='lat' dir='ltr'><strong>eum</strong></span> <span class='ocrx_word' id='word_1_748' title='bbox 833 4834 903 4895; x_wconf 66' lang='grc' dir='ltr'><strong>εει·</strong></span> <span class='ocrx_word' id='word_1_749' title='bbox 922 4828 1008 4886; x_wconf 85' lang='lat' dir='ltr'><strong>idest</strong></span> <span class='ocrx_word' id='word_1_750' title='bbox 1062 4830 1158 4902; x_wconf 90' lang='lat' dir='ltr'><strong>ptibili</strong></span> <span class='ocrx_word' id='word_1_751' title='bbox 1168 4847 1265 4897; x_wconf 89' lang='lat' dir='ltr'><strong>corne,</strong></span> <span class='ocrx_word' id='word_1_752' title='bbox 1280 4831 1457 4900; x_wconf 89' lang='lat' dir='ltr'><strong>iulirmalur,</strong></span> <span class='ocrx_word' id='word_1_753' title='bbox 1473 4858 1487 4885; x_wconf 78' lang='lat' dir='ltr'><strong>a</strong></span> <span class='ocrx_word' id='word_1_754' title='bbox 1505 4836 1603 4906; x_wconf 83' lang='lat' dir='ltr'><strong>robur,</strong></span> <span class='ocrx_word' id='word_1_755' title='bbox 1616 4860 1631 4888; x_wconf 80' lang='lat' dir='ltr'><strong>a</strong></span> <span class='ocrx_word' id='word_1_756' title='bbox 1648 4841 1784 4912; x_wconf 83' lang='lat' dir='ltr'><strong>inquam,</strong></span> <span class='ocrx_word' id='word_1_757' title='bbox 1797 4840 1824 4897; x_wconf 90' lang='lat' dir='ltr'><strong>id</strong></span> <span class='ocrx_word' id='word_1_758' title='bbox 1838 4841 1871 4896; x_wconf 80' lang='lat' dir='ltr'><strong>etl</strong></span> 
     </span>
     <span class='ocr_line' id='line_1_53' title="bbox 183 4916 1869 4998; baseline -0.01 -24"><span class='ocrx_word' id='word_1_759' title='bbox 183 4919 321 4987; x_wconf 69' lang='lat' dir='ltr'><strong>geudlum</strong></span> <span class='ocrx_word' id='word_1_760' title='bbox 334 4920 538 4992; x_wconf 88' lang='lat' dir='ltr'><strong>ceruelequod</strong></span> <span class='ocrx_word' id='word_1_761' title='bbox 553 4937 608 4976; x_wconf 89' lang='lat' dir='ltr'><strong>non</strong></span> <span class='ocrx_word' id='word_1_762' title='bbox 623 4918 699 4989; x_wconf 91' lang='lat' dir='ltr'><strong>epod</strong></span> <span class='ocrx_word' id='word_1_763' title='bbox 712 4916 852 4987; x_wconf 87' lang='lat' dir='ltr'><strong>ipsum,id</strong></span> <span class='ocrx_word' id='word_1_764' title='bbox 863 4923 909 4973; x_wconf 86' lang='lat' dir='ltr'><strong>est</strong></span> <span class='ocrx_word' id='word_1_765' title='bbox 920 4918 949 4972; x_wconf 92' lang='lat' dir='ltr'><strong>in</strong></span> <span class='ocrx_word' id='word_1_766' title='bbox 962 4933 1007 4973; x_wconf 90' lang='lat' dir='ltr'><strong>re·</strong></span> <span class='ocrx_word' id='word_1_767' title='bbox 1061 4919 1160 4975; x_wconf 86' lang='lat' dir='ltr'><strong>anime</strong></span> <span class='ocrx_word' id='word_1_768' title='bbox 1170 4920 1245 4991; x_wconf 82' lang='lat' dir='ltr'><strong>ejus,</strong></span> <span class='ocrx_word' id='word_1_769' title='bbox 1257 4942 1271 4970; x_wconf 76' lang='lat' dir='ltr'><strong>a</strong></span> <span class='ocrx_word' id='word_1_770' title='bbox 1289 4921 1376 4988; x_wconf 64' lang='lat' dir='ltr'><strong>lamo,</strong></span> <span class='ocrx_word' id='word_1_771' title='bbox 1390 4943 1404 4972; x_wconf 71' lang='lat' dir='ltr'><strong>&gt;r</strong></span> <span class='ocrx_word' id='word_1_772' title='bbox 1415 4923 1541 4980; x_wconf 64' lang='lat' dir='ltr'>subaudi</span> <span class='ocrx_word' id='word_1_773' title='bbox 1558 4924 1643 4984; x_wconf 56' lang='lat' dir='ltr'><strong>uerbi</strong></span> <span class='ocrx_word' id='word_1_774' title='bbox 1655 4928 1741 4998; x_wconf 51' lang='grc' dir='ltr'><strong>Μ’,</strong></span> <span class='ocrx_word' id='word_1_775' title='bbox 1755 4936 1869 4987; x_wconf 56' lang='lat' dir='ltr'><strong>mm</strong></span> 
     </span>
     <span class='ocr_line' id='line_1_54' title="bbox 182 5005 1866 5089; baseline 0.008 -28"><span class='ocrx_word' id='word_1_776' title='bbox 182 5008 292 5078; x_wconf 81' lang='lat' dir='ltr'><strong>gimine</strong></span> <span class='ocrx_word' id='word_1_777' title='bbox 307 5009 372 5080; x_wconf 79' lang='lat' dir='ltr'><strong>rjus</strong></span> <span class='ocrx_word' id='word_1_778' title='bbox 386 5019 439 5074; x_wconf 86' lang='grc' dir='ltr'><strong>εει,</strong></span> <span class='ocrx_word' id='word_1_779' title='bbox 456 5010 590 5065; x_wconf 87' lang='lat' dir='ltr'><strong>videlieet</strong></span> <span class='ocrx_word' id='word_1_780' title='bbox 603 5009 645 5064; x_wconf 89' lang='lat' dir='ltr'><strong>ite</strong></span> <span class='ocrx_word' id='word_1_781' title='bbox 667 5017 698 5063; x_wconf 88' lang='lat' dir='ltr'><strong>ut</strong></span> <span class='ocrx_word' id='word_1_782' title='bbox 712 5007 775 5078; x_wconf 90' lang='lat' dir='ltr'><strong>ipse</strong></span> <span class='ocrx_word' id='word_1_783' title='bbox 790 5005 839 5063; x_wconf 93' lang='lat' dir='ltr'><strong>illo</strong></span> <span class='ocrx_word' id='word_1_784' title='bbox 856 5008 928 5064; x_wconf 89' lang='lat' dir='ltr'><strong>bene</strong></span> <span class='ocrx_word' id='word_1_785' title='bbox 945 5012 1004 5062; x_wconf 83' lang='lat' dir='ltr'><strong>uta·</strong></span> <span class='ocrx_word' id='word_1_786' title='bbox 1060 5014 1119 5076; x_wconf 90' lang='lat' dir='ltr'><strong>tur,</strong></span> <span class='ocrx_word' id='word_1_787' title='bbox 1135 5014 1164 5065; x_wconf 93' lang='lat' dir='ltr'><strong>et</strong></span> <span class='ocrx_word' id='word_1_788' title='bbox 1179 5008 1276 5065; x_wconf 91' lang='lat' dir='ltr'><strong>inedie</strong></span> <span class='ocrx_word' id='word_1_789' title='bbox 1291 5009 1409 5067; x_wconf 80' lang='lat' dir='ltr'><strong>invadet</strong></span> <span class='ocrx_word' id='word_1_790' title='bbox 1420 5013 1520 5070; x_wconf 84' lang='lat' dir='ltr'><strong>&#39;coatus</strong></span> <span class='ocrx_word' id='word_1_791' title='bbox 1534 5013 1626 5085; x_wconf 90' lang='lat' dir='ltr'><strong>illius,</strong></span> <span class='ocrx_word' id='word_1_792' title='bbox 1642 5039 1657 5065; x_wconf 76' lang='grc' dir='ltr'><strong>ε</strong></span> <span class='ocrx_word' id='word_1_793' title='bbox 1674 5017 1706 5075; x_wconf 94' lang='lat' dir='ltr'><strong>id</strong></span> <span class='ocrx_word' id='word_1_794' title='bbox 1718 5020 1866 5089; x_wconf 63' lang='lat' dir='ltr'><strong>estendam</strong></span> 
     </span>
     <span class='ocr_line' id='line_1_55' title="bbox 181 5095 1866 5183; baseline 0.005 -32"><span class='ocrx_word' id='word_1_795' title='bbox 181 5104 239 5163; x_wconf 89' lang='lat' dir='ltr'><strong>tur,</strong></span> <span class='ocrx_word' id='word_1_796' title='bbox 256 5097 309 5154; x_wconf 89' lang='lat' dir='ltr'><strong>sed</strong></span> <span class='ocrx_word' id='word_1_797' title='bbox 323 5115 413 5171; x_wconf 82' lang='lat' dir='ltr'><strong>super</strong></span> <span class='ocrx_word' id='word_1_798' title='bbox 428 5099 525 5168; x_wconf 80' lang='lat' dir='ltr'><strong>ipsum</strong></span> <span class='ocrx_word' id='word_1_799' title='bbox 542 5103 598 5162; x_wconf 87' lang='lat' dir='ltr'><strong>est,</strong></span> <span class='ocrx_word' id='word_1_800' title='bbox 615 5097 643 5151; x_wconf 91' lang='lat' dir='ltr'><strong>id</strong></span> <span class='ocrx_word' id='word_1_801' title='bbox 660 5103 705 5153; x_wconf 86' lang='lat' dir='ltr'><strong>est</strong></span> <span class='ocrx_word' id='word_1_802' title='bbox 721 5106 812 5151; x_wconf 88' lang='lat' dir='ltr'><strong>toturn</strong></span> <span class='ocrx_word' id='word_1_803' title='bbox 827 5112 891 5152; x_wconf 85' lang='lat' dir='ltr'><strong>eom</strong></span> <span class='ocrx_word' id='word_1_804' title='bbox 913 5095 1006 5168; x_wconf 88' lang='lat' dir='ltr'><strong>possi·</strong></span> <span class='ocrx_word' id='word_1_805' title='bbox 1061 5099 1152 5154; x_wconf 82' lang='lat' dir='ltr'><strong>tames</strong></span> <span class='ocrx_word' id='word_1_806' title='bbox 1169 5097 1257 5170; x_wconf 84' lang='lat' dir='ltr'><strong>longe</strong></span> <span class='ocrx_word' id='word_1_807' title='bbox 1272 5107 1427 5156; x_wconf 86' lang='lat' dir='ltr'><strong>consumet</strong></span> <span class='ocrx_word' id='word_1_808' title='bbox 1441 5118 1547 5159; x_wconf 79' lang='lat' dir='ltr'><strong>seusus</strong></span> <span class='ocrx_word' id='word_1_809' title='bbox 1559 5106 1665 5163; x_wconf 86' lang='lat' dir='ltr'><strong>meotis</strong></span> <span class='ocrx_word' id='word_1_810' title='bbox 1680 5106 1866 5183; x_wconf 84' lang='lat' dir='ltr'><strong>illius,quiboe</strong></span> 
     </span>
     <span class='ocr_line' id='line_1_56' title="bbox 180 5185 1866 5260; baseline 0.005 -19"><span class='ocrx_word' id='word_1_811' title='bbox 180 5185 240 5254; x_wconf 86' lang='lat' dir='ltr'><strong>det,</strong></span> <span class='ocrx_word' id='word_1_812' title='bbox 258 5196 285 5242; x_wconf 87' lang='grc' dir='ltr'><strong>ει</strong></span> <span class='ocrx_word' id='word_1_813' title='bbox 303 5188 371 5243; x_wconf 82' lang='grc' dir='ltr'><strong>ιεείι</strong></span> <span class='ocrx_word' id='word_1_814' title='bbox 387 5187 513 5256; x_wconf 88' lang='lat' dir='ltr'><strong>peccatis</strong></span> <span class='ocrx_word' id='word_1_815' title='bbox 528 5201 655 5251; x_wconf 87' lang='lat' dir='ltr'><strong>servum,</strong></span> <span class='ocrx_word' id='word_1_816' title='bbox 671 5207 684 5236; x_wconf 73' lang='lat' dir='ltr'><strong>a</strong></span> <span class='ocrx_word' id='word_1_817' title='bbox 708 5185 921 5256; x_wconf 84' lang='lat' dir='ltr'><strong>exstinguetur,</strong></span> <span class='ocrx_word' id='word_1_818' title='bbox 938 5207 952 5235; x_wconf 81' lang='lat' dir='ltr'><strong>a</strong></span> <span class='ocrx_word' id='word_1_819' title='bbox 974 5192 1005 5240; x_wconf 93' lang='lat' dir='ltr'><strong>ut</strong></span> <span class='ocrx_word' id='word_1_820' title='bbox 1058 5187 1099 5242; x_wconf 90' lang='lat' dir='ltr'><strong>ita</strong></span> <span class='ocrx_word' id='word_1_821' title='bbox 1112 5185 1236 5242; x_wconf 87' lang='lat' dir='ltr'><strong>latentes</strong></span> <span class='ocrx_word' id='word_1_822' title='bbox 1251 5188 1442 5260; x_wconf 89' lang='lat' dir='ltr'><strong>cogitationes</strong></span> <span class='ocrx_word' id='word_1_823' title='bbox 1458 5192 1536 5248; x_wconf 89' lang='lat' dir='ltr'><strong>sicut</strong></span> <span class='ocrx_word' id='word_1_824' title='bbox 1551 5193 1662 5252; x_wconf 85' lang='lat' dir='ltr'><strong>viscere</strong></span> <span class='ocrx_word' id='word_1_825' title='bbox 1678 5198 1771 5257; x_wconf 86' lang='lat' dir='ltr'><strong>costis</strong></span> <span class='ocrx_word' id='word_1_826' title='bbox 1789 5193 1866 5256; x_wconf 86' lang='lat' dir='ltr'><strong>moni·</strong></span> 
     </span>
     <span class='ocr_line' id='line_1_57' title="bbox 179 5274 1866 5352; baseline -0.004 -23"><span class='ocrx_word' id='word_1_827' title='bbox 179 5274 289 5331; x_wconf 88' lang='lat' dir='ltr'><strong>dictum</strong></span> <span class='ocrx_word' id='word_1_828' title='bbox 305 5282 360 5343; x_wconf 89' lang='lat' dir='ltr'><strong>est,</strong></span> <span class='ocrx_word' id='word_1_829' title='bbox 371 5274 402 5330; x_wconf 91' lang='lat' dir='ltr'><strong>id</strong></span> <span class='ocrx_word' id='word_1_830' title='bbox 417 5280 462 5331; x_wconf 90' lang='grc' dir='ltr'><strong>εει</strong></span> <span class='ocrx_word' id='word_1_831' title='bbox 476 5275 512 5330; x_wconf 88' lang='lat' dir='ltr'><strong>ed</strong></span> <span class='ocrx_word' id='word_1_832' title='bbox 526 5277 661 5330; x_wconf 86' lang='lat' dir='ltr'><strong>tenebrae</strong></span> <span class='ocrx_word' id='word_1_833' title='bbox 677 5274 872 5345; x_wconf 84' lang='lat' dir='ltr'><strong>pertrahetur.</strong></span> <span class='ocrx_word' id='word_1_834' title='bbox 1058 5280 1159 5331; x_wconf 90' lang='lat' dir='ltr'><strong>untur.</strong></span> <span class='ocrx_word' id='word_1_835' title='bbox 1178 5299 1189 5326; x_wconf 79' lang='grc' dir='ltr'><strong>ι</strong></span> <span class='ocrx_word' id='word_1_836' title='bbox 1207 5276 1339 5346; x_wconf 87' lang='lat' dir='ltr'><strong>luvedet,</strong></span> <span class='ocrx_word' id='word_1_837' title='bbox 1353 5300 1367 5328; x_wconf 74' lang='lat' dir='ltr'><strong>a</strong></span> <span class='ocrx_word' id='word_1_838' title='bbox 1388 5279 1520 5352; x_wconf 87' lang='lat' dir='ltr'><strong>inquam,</strong></span> <span class='ocrx_word' id='word_1_839' title='bbox 1537 5282 1650 5341; x_wconf 83' lang='lat' dir='ltr'><strong>scilicet</strong></span> <span class='ocrx_word' id='word_1_840' title='bbox 1665 5287 1703 5343; x_wconf 87' lang='lat' dir='ltr'><strong>ed</strong></span> <span class='ocrx_word' id='word_1_841' title='bbox 1721 5288 1776 5347; x_wconf 88' lang='lat' dir='ltr'><strong>boe</strong></span> <span class='ocrx_word' id='word_1_842' title='bbox 1790 5292 1821 5347; x_wconf 87' lang='lat' dir='ltr'><strong>ut</strong></span> <span class='ocrx_word' id='word_1_843' title='bbox 1833 5282 1866 5340; x_wconf 71' lang='lat' dir='ltr'><strong>ei.</strong></span> 
     </span>
     <span class='ocr_line' id='line_1_58' title="bbox 214 5363 1865 5449; baseline 0.01 -30"><span class='ocrx_word' id='word_1_844' title='bbox 214 5363 300 5422; x_wconf 82' lang='lat' dir='ltr'><strong>Vras.</strong></span> <span class='ocrx_word' id='word_1_845' title='bbox 316 5366 343 5423; x_wconf 86' lang='lat'><strong>7.</strong></span> <span class='ocrx_word' id='word_1_846' title='bbox 360 5394 395 5407; x_wconf 91' lang='lat'>-</span> <span class='ocrx_word' id='word_1_847' title='bbox 413 5386 424 5414; x_wconf 77' lang='grc' dir='ltr'><strong>ι</strong></span> <span class='ocrx_word' id='word_1_848' title='bbox 458 5367 667 5436; x_wconf 64' lang='lat' dir='ltr'><strong>metabuntur,</strong></span> <span class='ocrx_word' id='word_1_849' title='bbox 680 5387 695 5415; x_wconf 92' lang='lat'>»</span> <span class='ocrx_word' id='word_1_850' title='bbox 721 5365 749 5419; x_wconf 89' lang='lat' dir='ltr'><strong>id</strong></span> <span class='ocrx_word' id='word_1_851' title='bbox 766 5368 810 5420; x_wconf 90' lang='lat' dir='ltr'><strong>est</strong></span> <span class='ocrx_word' id='word_1_852' title='bbox 825 5380 912 5437; x_wconf 80' lang='lat' dir='ltr'><strong>prena</strong></span> <span class='ocrx_word' id='word_1_853' title='bbox 932 5381 1002 5421; x_wconf 90' lang='lat' dir='ltr'><strong>coo·</strong></span> <span class='ocrx_word' id='word_1_854' title='bbox 1057 5379 1139 5420; x_wconf 85' lang='lat' dir='ltr'><strong>scere</strong></span> <span class='ocrx_word' id='word_1_855' title='bbox 1152 5364 1378 5438; x_wconf 85' lang='lat' dir='ltr'><strong>cogitationum,</strong></span> <span class='ocrx_word' id='word_1_856' title='bbox 1395 5384 1461 5441; x_wconf 83' lang='lat' dir='ltr'><strong>que</strong></span> <span class='ocrx_word' id='word_1_857' title='bbox 1473 5369 1503 5427; x_wconf 91' lang='lat' dir='ltr'><strong>in</strong></span> <span class='ocrx_word' id='word_1_858' title='bbox 1514 5370 1718 5435; x_wconf 85' lang='lat' dir='ltr'><strong>occultoeane</strong></span> <span class='ocrx_word' id='word_1_859' title='bbox 1730 5375 1865 5449; x_wconf 57' lang='lat' dir='ltr'><strong>laterem</strong></span> 
     </span>
    </p>
   </div>
   <div class='ocr_carea' id='block_1_3' title="bbox 224 5579 802 5652">
    <p class='ocr_par' dir='ltr' id='par_1_3' title="bbox 224 5579 802 5652">
     <span class='ocr_line' id='line_1_59' title="bbox 224 5579 802 5652; baseline -0.002 -18"><span class='ocrx_word' id='word_1_860' title='bbox 224 5580 268 5651; x_wconf 77' lang='lat' dir='ltr'><strong>ll)</strong></span> <span class='ocrx_word' id='word_1_861' title='bbox 283 5580 316 5636; x_wconf 85' lang='lat' dir='ltr'><strong>D.</strong></span> <span class='ocrx_word' id='word_1_862' title='bbox 334 5579 452 5652; x_wconf 78' lang='lat' dir='ltr'><strong>Gregur.</strong></span> <span class='ocrx_word' id='word_1_863' title='bbox 468 5579 541 5636; x_wconf 77' lang='lat' dir='ltr'><strong>Mor.</strong></span> <span class='ocrx_word' id='word_1_864' title='bbox 556 5580 606 5638; x_wconf 91' lang='lat' dir='ltr'><strong>lib.</strong></span> <span class='ocrx_word' id='word_1_865' title='bbox 621 5597 679 5648; x_wconf 78' lang='lat' dir='ltr'><strong>xiv,</strong></span> <span class='ocrx_word' id='word_1_866' title='bbox 694 5596 758 5651; x_wconf 88' lang='lat' dir='ltr'><strong>cup.</strong></span> <span class='ocrx_word' id='word_1_867' title='bbox 775 5580 802 5633; x_wconf 86' lang='lat'><strong>8.</strong></span> 
     </span>
    </p>
   </div>
   <div class='ocr_carea' id='block_1_4' title="bbox 0 0 1918 6005">
    <p class='ocr_par' dir='ltr' id='par_1_4' title="bbox 0 0 1918 6005">
     <span class='ocr_line' id='line_1_60' title="bbox 0 0 1918 6005; baseline 0 0"><span class='ocrx_word' id='word_1_868' title='bbox 0 0 1918 6005; x_wconf 95' lang='lat' dir='ltr'><strong> </strong></span> 
     </span>
    </p>
   </div>
  </div>
 </body>
</html>
