3826 6014
169 250 229 311 tet
719 241 892 305 RUPERTI
913 238 1079 302 nuueuls
1099 241 1328 321 uuiumusts
1812 233 1873 295 468

206 385 271 441 Haec
286 379 496 455 suprascriptis
512 378 583 449 illis,
603 395 667 450 qua
683 395 700 433 a
714 378 790 436 bono
806 380 933 450 pastore,
958 375 988 431 id
1003 384 1031 452 Α
1044 375 1176 433 curuhcc
1188 376 1418 448 diceret,ialsum
1435 375 1585 448 aratquod
1596 371 1865 440 animosantiebat;

170 472 351 541 estchristo,
368 469 537 535 dictasunt,
552 470 659 540 pariter·
676 484 779 541 ponam
803 465 888 522 illum
912 465 992 537 quasi
1047 465 1096 520 sed
1114 482 1214 522 verum
1230 472 1292 524 erat
1308 467 1385 539 quud
1401 482 1470 523 vocs
1486 463 1777 523 sonabat.Sautiabat
1789 461 1874 535 quip-

171 557 404 633 prepernincuill,
420 559 501 629 qnasi
512 573 594 629 pecus
613 559 644 612 in
664 558 754 614 medio
767 557 921 613 caularum.
938 553 992 621 Oui
1048 569 1093 626 pa,
1109 555 1153 612 vel
1178 556 1252 614 alios
1280 556 1389 613 sentire
1404 555 1518 613 volebat
1536 555 1611 628 quod
1632 555 1688 610 uisi
1709 559 1873 608 moraretur

170 649 221 705 ills
232 648 316 716 dixit,
327 646 388 718 ipsa
401 648 503 718 pascit,
513 648 563 719 qui
575 646 631 702 isla
642 646 764 713 iaciunt,
773 645 828 717 ipsi
845 645 990 701 occidunt.
1047 644 1134 702 Jssas
1149 647 1200 719 qui
1228 663 1277 703 rex
1305 656 1333 703 et
1347 646 1480 704 Christus
1504 647 1668 718 dicebatur,
1684 660 1774 700 causa
1790 643 1873 698 flerat

172 739 211 794 De
227 735 334 809 quibua
345 736 441 792 adbuc
456 736 650 808 subjungitur
665 752 672 791 :
690 737 761 792 Tune
781 734 940 791 clamabunt
955 732 994 788 ad
1048 737 1186 791 Romanis
1202 753 1327 808 quorum
1339 736 1463 809 imperio
1475 736 1584 792 subditi
1596 740 1726 803 emutat
1742 733 1873 789 venirent

173 829 329 894 Dominam,
345 831 371 881 et
384 841 440 881 nan
461 825 590 881 eaaudiet
614 841 669 894 eos,
695 831 720 881 et
737 824 880 880 abscondet
894 824 994 893 taciem
1047 823 1241 896 locumquset
1255 831 1372 898 gentem
1386 826 1521 882 tollerent
1535 824 1635 896 (ibid).
1648 825 1682 880 rit
1693 823 1746 879 hoc
1763 822 1870 878 falsum

173 933 253 972 suam
265 915 297 970 ab
309 914 385 970 eisin
397 915 446 971 illo
458 923 591 987 tempore,
606 917 676 970 sieut
690 914 818 987 nequiter
835 915 950 985 eperunt
965 915 995 967 in
1049 917 1127 968 crat:
1145 929 1240 987 neque
1255 916 1333 970 enim
1348 914 1483 971 Christus
1494 928 1584 985 regna
1599 915 1793 970 Romanorum
1811 913 1872 967 siva

173 1004 417 1060 adinventionibus
435 1005 504 1059 suis.
528 1005 610 1072 Tunc,
632 1003 740 1075 inquii,
763 1002 880 1075 quando
894 1016 995 1072 ponam
1050 999 1174 1057 aliarum
1188 1004 1320 1074 gentium
1336 1002 1438 1060 tollere
1455 1008 1582 1073 venerat,
1598 1003 1659 1059 sive
1687 1002 1871 1058 occasionem

173 1094 237 1151 illos
250 1093 331 1165 quasi
340 1108 449 1165 precem
464 1094 495 1147 in
510 1093 588 1160 ouili,
604 1097 630 1148 et
658 1090 738 1163 quasi
760 1106 842 1162 pecus
859 1089 889 1145 in
904 1090 995 1145 medio
1050 1090 1119 1146 dure
1134 1090 1366 1162 inimicitiarum,
1391 1093 1539 1151 vindicata
1563 1093 1619 1148 sibi
1644 1091 1705 1147 ulla
1729 1095 1874 1163 potestate

85 1200 88 1206 ·
173 1181 996 1254 caularum;quandoaliasoves,quasbabeo,quaenon
1050 1182 1173 1238 terrena.
1198 1182 1294 1238 Varba
1323 1181 1516 1239 autemillius
1538 1181 1594 1238 hoc
1623 1178 1873 1249 sonabant,qucd

173 1280 238 1326 sunt
254 1286 290 1326 ete
304 1271 355 1326 lvoc
373 1270 451 1337 ouili,
468 1270 623 1339 adducam,
640 1273 711 1342 qnia
736 1286 826 1327 vocem
840 1285 930 1325 meam
942 1284 994 1323 aa·
1048 1267 1136 1325 lesus
1150 1286 1203 1341 pro
1213 1272 1347 1327 omnium
1358 1272 1486 1328 liliorum
1499 1272 1550 1328 Dei
1566 1270 1765 1343 redemptione
1780 1266 1872 1323 mori-

174 1358 260 1426 dient,
275 1368 302 1414 et
314 1359 360 1430 fiel
375 1374 462 1414 unum
481 1361 561 1429 ovile,
585 1363 610 1416 el
622 1377 693 1416 unus
716 1363 820 1431 pastor,
833 1357 914 1413 nulla
931 1356 994 1412 dis·
1049 1361 1133 1414 turus
1148 1362 1243 1428 esset;
1259 1368 1287 1417 et
1301 1361 1356 1418 hoc
1371 1377 1471 1417 varum
1486 1365 1558 1430 arat,
1575 1368 1602 1416 et
1614 1358 1756 1415 varaciter
1772 1359 1812 1412 ita
1827 1358 1839 1412 i
1858 1387 1871 1398 ·

173 1446 314 1503 tinctione
330 1446 750 1516 habitaludaietiiraeci,tunc
767 1451 796 1504 at
814 1446 858 1502 illi
873 1446 952 1503 iuras
967 1449 996 1501 et
1050 1451 1129 1504 ctum
1146 1451 1299 1522 estigitur
1310 1450 1558 1524 propheteilli,id
1575 1454 1620 1507 est
1633 1449 1873 1520 pontificesque·

173 1536 312 1606 latrones,
329 1541 357 1592 et
371 1537 500 1593 isticres
517 1538 702 1610 insipientes,
721 1538 780 1594 imo
801 1537 877 1593 hmdi
900 1535 994 1608 magis
1050 1553 1114 1592 rum
1132 1555 1208 1595 unus
1232 1539 1331 1596 taliter
1354 1541 1550 1614 prophetavit,
1567 1557 1624 1595 nou
1649 1547 1731 1595 erunt
1759 1541 1875 1609 prater·

175 1643 264 1698 quam
275 1627 412 1683 ovessive
428 1633 645 1694 oveserractss‚
659 1628 994 1701 quaeaudieruntvocem
1050 1626 1149 1694 eundi,
1165 1627 1237 1700 quin
1259 1629 1369 1702 aliquid
1384 1631 1519 1687 audirent
1544 1628 1700 1702 plusquam
1725 1628 1874 1700 principes

175 1714 347 1783 alienorum,
362 1717 525 1773 clamabunt
535 1718 572 1774 ad
584 1721 776 1788 Dominum,el
790 1735 845 1775 non
865 1714 996 1775 exaudiet
1012 1746 1033 1811 B
1049 1731 1082 1771 ac
1096 1716 1186 1773 duces
1201 1719 1307 1774 cauri.
1323 1720 1388 1776 llaec
1400 1735 1464 1789 erpa
1478 1718 1547 1775 dicit
1561 1720 1694 1774 Dominus
1708 1733 1793 1785 super
1807 1731 1873 1786 pro·

175 1820 230 1863 eos.
247 1807 281 1862 Et
297 1823 355 1862 non
371 1808 466 1864 solum
490 1825 543 1865 uon
569 1809 699 1866 exaudiet
721 1817 777 1875 ec's,
793 1824 892 1865 verum
909 1807 995 1864 etism
1050 1805 1154 1877 pietas,
1174 1806 1223 1879 qui
1250 1807 1379 1865 seducunt
1398 1809 1530 1881 papulum
1552 1825 1655 1876 meum,
1672 1809 1719 1879 qui
1747 1807 1874 1861 mordent

175 1893 319 1952 abscondet
333 1897 435 1966 taciem
450 1914 528 1953 suam
552 1898 586 1954 ab
607 1901 646 1954 eis
669 1900 839 1967 intempore
851 1897 912 1965 illo,
927 1896 998 1950 sicul
1051 1893 1179 1951 dentibus
1199 1897 1267 1967 suit,
1283 1904 1309 1952 et
1335 1897 1491 1968 praedieanl
1513 1913 1619 1970 parem.
1648 1895 1712 1950 Non
1737 1893 1872 1960 dubium,

175 1994 423 2064 aequitereperunt
435 1996 465 2049 iu
477 1993 717 2052 adinventionibus
726 1993 797 2062 suis,
808 1994 837 2050 id
853 2001 907 2060 est,
922 1992 1000 2049 siout
1052 1980 1278 2055 quissprophetoe
1291 1982 1653 2057 illifleduxerinlpopulum
1664 1983 1821 2054 pluitquum
1833 1997 1875 2037 ⁸0·

177 2096 349 2148 moruerunt
372 2104 430 2143 non
456 2085 633 2157 ignoranter,
658 2085 709 2140 sad
736 2085 868 2155 nequiter
889 2083 998 2138 maium
1051 2071 1329 2144 duxeraulunquem
1342 2073 1487 2146 prophetas
1498 2071 1873 2145 Baal,qualestamporibus

177 2181 299 2251 operati,
311 2194 369 2234 uun
386 2175 507 2232 casuvel
520 2168 999 2246 imprudenterinpaccatumlapsi
1051 2160 1151 2215 Achab
1167 2166 1196 2217 et
1210 2161 1325 2217 lezabel
1344 2162 1528 2219 exstiterunt.
1544 2162 1618 2218 Nam
1635 2162 1676 2218 illi
1695 2162 1877 2217 seduxerunt

176 2269 227 2325 sed
245 2268 281 2324 ad
298 2265 410 2323 malum
424 2262 540 2331 intenti,
558 2277 615 2317 non
640 2263 678 2317 ad
693 2262 882 2317 devitandum
896 2260 945 2316 sad
962 2259 999 2315 ad
1052 2248 1191 2321 populum
1205 2250 1234 2305 in
1251 2255 1365 2307 lantum
1376 2256 1408 2307 ut
1422 2251 1659 2323 derelinquerent
1674 2250 1878 2317 Dominum,et

176 2355 409 2413 concionandum
426 2369 513 2410 omne
528 2352 608 2425 quud
623 2351 758 2424 iniquum
773 2356 818 2408 est
828 2356 888 2407 totu
900 2351 999 2406 auimo
1052 2349 1179 2407 colerent
1193 2350 1275 2408 Baal.
1287 2353 1337 2408 isti
1349 2352 1378 2408 in
1389 2358 1504 2410 tantum
1520 2354 1697 2410 seduxerunt
1712 2356 1744 2408 ut
1758 2350 1876 2407 crucifi·

177 2444 268 2501 dediti
283 2448 311 2500 ct
327 2441 547 2509 malestudiosi‚
566 2442 643 2497 sicut
658 2439 812 2497 Psalmista
826 2455 893 2495 cum
910 2438 1000 2495 dixis·
1052 2451 1152 2514 gerent
1168 2443 1336 2513 Dominum,
1352 2448 1381 2500 et
1395 2443 1536 2516 eligerent
1550 2442 1806 2506 Barabbam.Quod
1822 2457 1874 2496 au·

178 2541 221 2590 set
236 2551 243 2591 :
261 2534 389 2605 Corrupit
404 2541 468 2587 suist
482 2540 508 2588 et
521 2530 725 2588 abominabiles
743 2530 811 2601 tacti
824 2531 899 2600 sunt,
916 2528 999 2584 addi·
1054 2535 1112 2587 lem
1129 2532 1293 2604 subjungit,
1309 2532 1358 2605 qui
1369 2534 1496 2589 uuerdent
1511 2534 1638 2590 dentibus
1652 2534 1721 2600 sais,
1738 2531 1808 2586 adeo
1823 2546 1872 2585 ve-

177 2623 230 2690 dit,
243 2624 274 2679 in
303 2621 401 2679 studiis
411 2620 469 2677 suis
484 2620 568 2692 (Ptol.
585 2620 658 2692 ιιιιι).
678 2619 711 2674 lit
734 2618 793 2676 ista
807 2619 935 2691 prolecto
951 2633 1000 2672 su·
1053 2636 1118 2674 rum
1135 2625 1189 2690 est,
1205 2625 1233 2676 et
1244 2622 1331 2692 juxta
1345 2621 1553 2678 Psalmistam:
1572 2627 1671 2678 Dentes
1686 2637 1779 2677 eorum
1795 2635 1875 2674 armo

179 2707 767 2784 perioribusexadversorespondant,ubi
783 2705 997 2763 cumdixisset:
1053 2710 1160 2780 tuerint
1174 2715 1199 2766 el
1214 2710 1335 2782 sopiitae,
1350 2715 1377 2766 et
1400 2710 1502 2782 linqua
1530 2727 1624 2768 eorum
1651 2710 1760 2783 eladius
1779 2713 1877 2764 acutus

178 2804 285 2857 Ponam
301 2799 363 2857 illos
379 2797 461 2870 quasi
469 2814 579 2870 prepem
589 2797 619 2853 in
628 2797 704 2865 ouili,
714 2795 794 2869 quasi
802 2811 883 2868 pecus
895 2797 924 2849 iu
939 2809 999 2849 me·
1055 2796 1143 2868 (Psoi.
1159 2798 1226 2870 avi).
1238 2798 1339 2871 itaque
1363 2816 1430 2856 cum
1454 2805 1514 2856 tam
1531 2801 1683 2856 mordaces
1699 2799 1807 2856 luerint
1825 2797 1877 2854 ho·

177 2889 222 2945 dle
238 2889 395 2957 casatorum,
415 2893 536 2944 secutus
551 2891 606 2952 est,
620 2890 649 2942 et
663 2884 704 2941 ait
721 2902 731 2939 :
753 2883 1001 2940 tumultuabuntur
1054 2887 1191 2955 micidiae,
1208 2905 1295 2960 quam
1313 2888 1408 2945 fictam
1434 2890 1664 2962 predicaverunt
1683 2905 1793 2962 pacem,
1810 2904 1877 2944 cum

179 2975 388 3034 amultiludiue
408 2975 551 3033 bominum
565 2992 575 3031 .·
590 2976 714 3030 ascendit
729 2972 805 3028 enirn
815 2972 939 3046 pandens
946 2974 1001 3028 iter
1055 2975 1149 3032 multa
1164 2978 1272 3033 indicia
1285 2978 1355 3048 siut,
1376 2977 1449 3035 illud
1465 2979 1689 3035 admirationem
1707 2978 1775 3034 lacit
1798 2975 1878 3050 quod

177 3079 242 3125 aute
255 3073 338 3135 eos,et
348 3066 480 3123 transibit
491 3083 541 3122 ren
551 3082 650 3121 eorum
673 3080 764 3121 ceram
792 3066 842 3129 eis,
865 3068 890 3120 et
905 3064 998 3120 Domi·
1058 3065 1198 3121 Dominus
1215 3071 1370 3138 nosterper
1383 3067 1461 3138 pacis
1474 3069 1607 3124 osculum
1619 3068 1794 3124 traditusast
1806 3065 1876 3122 illis.

175 3174 227 3212 nus
242 3159 272 3211 iu
286 3156 376 3226 capite
388 3171 493 3211 eorum.
506 3155 552 3210 llli
562 3154 807 3210 tumultuabuntur
827 3172 846 3210 a
870 3154 998 3210 multitu·
1018 3110 1088 3208 Clit
1102 3155 1127 3208 si
1136 3155 1208 3225 quis,
1219 3154 1270 3221 sit,
1284 3170 1341 3220 pon
1361 3154 1468 3212 dederit
1483 3158 1514 3211 iu
1538 3172 1585 3212 ore
1604 3172 1699 3212 eorum
1722 3154 1876 3228 quidpiam,

177 3248 247 3301 dine
258 3244 415 3313 bominum,
431 3254 459 3300 et
477 3244 618 3299 Dominus
641 3244 783 3312 ascendet,
804 3243 926 3316 pandens
948 3244 1002 3299 iter
1051 3244 1227 3315 sanctificant
1241 3260 1326 3317 super
1339 3261 1402 3302 eum
1416 3247 1554 3318 proelium.
1572 3246 1668 3302 Brevis
1692 3246 1809 3318 quidem
1825 3243 1878 3300 sed

176 3338 242 3390 aule
255 3350 320 3403 eos;
334 3332 382 3389 isti
393 3332 601 3389 clamabuntad
622 3331 781 3400 danninum,
792 3338 818 3390 et
836 3351 894 3389 iton
912 3350 1000 3390 exuu-
1053 3330 1208 3388 altanimis
1218 3339 1247 3390 et
1257 3334 1413 3392 vehemens
1427 3335 1600 3392 declamatio
1612 3334 1737 3391 avaritia
1747 3333 1877 3389 illorum.

176 3424 232 3481 diet
243 3440 297 3480 eas.
308 3426 407 3481 Garum
422 3421 482 3478 illis
494 3421 626 3478 transibit
642 3439 697 3477 ree
707 3438 814 3492 eorum,
827 3432 854 3480 et
867 3424 1001 3480 Dominus
1054 3421 1087 3477 Et
1103 3421 1221 3492 quidam
1237 3423 1273 3479 de
1302 3423 1493 3481 multitudine
1508 3426 1582 3483 valet
1606 3423 1741 3496 intelligi,
1757 3422 1880 3495 quiade

177 3514 209 3570 in
221 3515 310 3584 capite
320 3528 437 3576 eorum:
452 3527 544 3568 coram
559 3511 623 3569 istis
634 3528 693 3568 uon
708 3512 804 3569 solum
819 3529 877 3569 non
897 3514 1001 3570 transi·
1054 3510 1156 3567 multis
1167 3528 1269 3569 aarum
1280 3515 1411 3585 estquod
1427 3531 1476 3572 eos
1492 3515 1549 3570 sibi
1560 3514 1660 3571 hostes
1678 3513 1879 3585 reputaverint

179 3602 501 3667 bitDomiuus,etnon
525 3598 621 3656 solum
645 3600 675 3656 in
704 3600 799 3675 capite
817 3618 918 3659 eorum
943 3619 1001 3660 non
1055 3601 1879 3676 quaudououdederuut,etamicosquandodederunt

179 3693 244 3761 erit,
260 3707 361 3747 rerum
384 3691 470 3746 etiam
487 3690 637 3746 abscondet
655 3691 756 3761 facien
770 3694 860 3747 'suam
884 3692 921 3748 ab
950 3692 1000 3761 eis,
1054 3689 1085 3745 in
1100 3706 1148 3746 ure
1162 3708 1274 3749 aarum.
1290 3692 1347 3748 Sed
1360 3694 1396 3748 de
1413 3694 1534 3750 Domino
1550 3700 1649 3750 nostro
1663 3711 1720 3766 prm
1736 3693 1876 3749 omnibus

182 3790 261 3862 quod
276 3787 377 3862 pmout
393 3790 482 3846 dubio
498 3804 576 3844 nuno
593 3788 700 3845 tactum
724 3793 770 3846 nst
790 3793 819 3846 et
843 3791 885 3857 fit,
906 3789 1002 3864 posito
1054 3779 1275 3855 intelligendum
1290 3789 1344 3848 ast,
1357 3785 1435 3857 quod
1446 3783 1554 3842 idcirco
1569 3784 1816 3841 sanctificaverint
1826 3800 1877 3839 su-

181 3879 303 3949 insuper
317 3877 461 3934 velamina
475 3893 565 3948 super
588 3893 638 3933 cor
652 3893 753 3934 eurum
771 3882 802 3934 ut
822 3879 917 3936 sidera
943 3897 1002 3938 nou
1055 3887 1107 3943 Pil
1120 3887 1188 3927 ⁰⁰⁰³
1199 3872 1343 3944 pralium,
1359 3874 1429 3945 <1⁰¹⁸
1444 3891 1503 3931 ⁰⁰¹¹
1518 3875 1599 3930 dedit
1614 3875 1765 3947 quidpiam
1780 3874 1809 3930 1¹¹
1826 3889 1877 3930 0s⁰

182 3968 306 4039 possint,
332 3968 493 4039 Sequitur:
511 3969 575 4025 liae
596 3966 664 4022 dicii
682 3967 815 4023 Dominus
837 3985 921 4041 saper
942 3986 1003 4043 pro-
1055 3976 1168 4029 eorum,
1183 3960 1242 4019 imo
1258 3962 1429 4034 disputabat
1450 3968 1552 4020 contra
1575 3965 1724 4021 avaritiam
1747 3963 1879 4020 illorum.

178 4056 285 4127 prmius,
302 4054 496 4126 quandum
520 4054 657 4128 poputum
684 4071 777 4111 meum
807 4059 856 4127 qm·
877 4058 1003 4115 mordent
1058 4049 1185 4123 Denique
1201 4052 1225 4107 si
1242 4050 1309 4108 talis
1320 4051 1447 4110 venisset
1461 4053 1518 4110 ista
1536 4054 1669 4123 Messias,
1686 4054 1715 4111 id
1737 4058 1784 4111 est
1798 4053 1880 4109 Chri·

179 4143 307 4198 dentibus
321 4144 391 4210 suis,
406 4154 432 4198 et
455 4143 608 4215 praedicant
621 4161 739 4215 pacem;
755 4151 782 4201 et
809 4145 835 4200 si
862 4146 923 4217 quis
944 4164 1001 4202 non
1055 4144 1119 4196 stus
1135 4141 1185 4212 qui
1201 4158 1253 4214 par
1267 4142 1424 4214 prophetas
1440 4145 1604 4216 promissus
1619 4148 1692 4213 erat,
1710 4148 1742 4200 ut
1762 4148 1878 4201 terreno

179 4231 284 4288 dederit
301 4233 331 4287 in
343 4247 389 4288 cre
404 4247 498 4288 eorum
513 4232 1002 4308 quidpiam,sanctificantsupeream
1054 4228 1193 4285 suffultus
1204 4247 1292 4302 ragno
1305 4232 1460 4303 ampliaret
1475 4235 1578 4290 domos
1594 4241 1619 4289 ct
1631 4237 1750 4306 augeret
1761 4232 1878 4290 divitias

177 4320 318 4391 pralium.
331 4323 482 4393 Propterea
497 4336 554 4376 nae
573 4321 648 4376 uobis
666 4338 716 4393 pro
729 4324 911 4390 attentarit,
926 4333 952 4380 et
966 4333 1004 4381 le·
1055 4323 1240 4388 eorum,tnnc
1255 4319 1414 4392 placuisset
1424 4322 1479 4392 eis,
1489 4326 1560 4378 tunc
1571 4338 1671 4396 pacem
1689 4339 1773 4379 susm
1790 4322 1875 4378 oblu-

179 4411 271 4465 netrae
286 4408 361 4465 uatis
375 4424 424 4481 pro
440 4407 621 4466 divinatione.
646 4410 678 4463 lit
701 4412 838 4467 occumbet
860 4413 902 4469 sal
921 4429 1002 4486 super
1056 4407 1206 4466 iissentai.
1223 4410 1372 4475 Quisvero
1387 4429 1497 4485 pauper
1512 4418 1540 4468 et
1561 4417 1744 4486 contemptor
1759 4414 1878 4471 divitia·

177 4500 333 4571 propbetas,
349 4507 375 4554 et
387 4498 611 4555 obtenebrabitur
624 4516 709 4570 super
731 4516 775 4556 eos
793 4501 862 4557 dies.
882 4502 915 4558 lit
932 4520 1000 4560 eon·
1017 4496 1038 4559 D
1054 4521 1119 4561 rum
1134 4507 1293 4580 vanit,quia
1303 4525 1360 4565 nou
1375 4509 1479 4566 divites
1494 4511 1544 4566 sed
1561 4528 1703 4584 pauperes
1718 4512 1820 4568 hastos
1831 4513 1877 4569 lo·

178 4589 332 4660 tundentur
346 4590 395 4660 qui
408 4589 501 4645 vident
518 4588 676 4658 ebionaei
687 4592 1001 4661 confundenturdicini,
1057 4610 1088 4650 ra
1098 4596 1276 4668 predicavit,
1291 4602 1320 4654 et
1333 4599 1408 4654 sicut
1419 4599 1482 4670 jam
1498 4600 1676 4670 dictumest,
1694 4610 1795 4658 contra
1805 4601 1877 4660 illu·

179 4688 206 4733 et
221 4679 346 4749 operient
360 4678 449 4735 uultus
463 4693 536 4744 suos,
552 4680 686 4751 quianon
701 4683 740 4735 est
754 4696 914 4753 responsum
935 4681 997 4741 Dei.
1057 4701 1122 4740 rum
1146 4687 1297 4744 avaritiam
1320 4687 1493 4760 disputavit,
1520 4691 1764 4760 sanctificaverunt
1794 4708 1880 4764 super

178 4766 257 4824 luter
272 4782 373 4824 omues
390 4767 538 4839 principes
555 4785 587 4824 ac
598 4768 739 4838 duces,ds
754 4769 892 4841 qualibus
903 4771 1000 4828 bacte—
1056 4774 1298 4846 sumpt-aliumid
1315 4781 1359 4833 est
1373 4777 1467 4848 quoad
1477 4782 1637 4851 potueruut
1648 4790 1784 4836 sanctum
1799 4782 1879 4838 vide·

166 4873 235 4937 nus
264 4857 375 4913 dictum
395 4862 449 4922 est,
467 4873 524 4915 non
551 4858 746 4930 pretereundi
774 4864 856 4915 arant
876 4861 1000 4934 prophe·
1056 4863 1092 4933 ri,
1105 4866 1134 4919 at
1149 4863 1299 4935 pertinens
1314 4865 1347 4921 ad
1364 4866 1537 4937 obsequium
1552 4868 1766 4939 Deibsnadioti,
1781 4869 1879 4928 elabo-

178 4950 214 5001 ta
230 4945 310 5002 illius
326 4948 477 5019 temporis,
500 4947 648 5020 propheta
669 4949 821 5004 mordaces
845 4954 875 5005 et
901 4950 1001 5022 populi
1055 4959 1189 5008 ravsruut
1203 4952 1229 5010 si
1244 4952 1441 5012 interficerent
1454 4954 1545 5013 illum.
1557 4957 1616 5014 lico
1631 4959 1703 5015 adeo
1718 4975 1820 5016 verum
1833 4966 1878 5018 est

177 5034 593 5106 seductores,videlicalAnnae
609 5037 913 5111 etCaipbas,qucrum
928 5055 1001 5096 uerus
1056 5040 1091 5096 de
1102 5041 1253 5114 prophetis
1268 5043 1459 5114 ejusmodi,ut
1473 5047 1508 5101 da
1519 5045 1654 5118 pluribus
1668 5064 1786 5120 quoque
1797 5054 1877 5107 certo

178 5125 304 5194 quierat
321 5127 446 5196 pontiten
466 5126 536 5180 anni
554 5126 823 5198 illiusprcpbetauit,
835 5127 902 5200 quia
912 5132 1001 5187 mori·
1054 5131 1621 5204 experimentocompartumsit.Quaudc
1633 5136 1711 5192 enim
1722 5136 1876 5210 quidpiam

178 5222 256 5269 turus
267 5224 327 5270 erat
341 5216 417 5271 lesus
426 5230 476 5286 pro
491 5220 583 5286 pente,
598 5222 625 5270 et
641 5230 696 5271 non
711 5221 821 5272 taniam
832 5233 885 5290 pro
908 5228 998 5288 pente,
1054 5219 1134 5275 dedit
1149 5221 1177 5276 io
1193 5237 1243 5279 ors
1262 5237 1374 5292 aurum,
1391 5224 1509 5296 quaudo
1531 5225 1567 5280 de
1588 5226 1718 5300 quinque
1747 5229 1876 5301 panibus

178 5302 423 5374 sedutpliosDei
445 5305 496 5375 qui
516 5312 596 5360 erent
614 5304 736 5376 dispersi
763 5317 941 5379 mugreparet
968 5313 999 5366 in
1053 5308 1221 5368 hordeaceis
1250 5316 1279 5368 et
1306 5314 1421 5370 duobus
1437 5313 1567 5387 piscibus
1582 5317 1722 5374 saturavit
1744 5318 1878 5392 quinque

176 5409 276 5448 uantur.
293 5392 369 5449 Dinit
383 5391 459 5449 enim
476 5409 483 5447 ε
499 5394 546 5450 l'os
561 5394 674 5449 nescitis
689 5393 847 5466 quidquam
861 5412 910 5453 uec
923 5401 998 5470 capi·
1053 5397 1147 5456 millia
1160 5400 1325 5471 bominum,
1341 5407 1412 5461 tuuc
1422 5403 1577 5462 voluerunt
1591 5423 1658 5463 eum
1674 5416 1818 5481 rapere,et
1834 5410 1873 5467 is·

176 5485 251 5551 totis,
268 5484 332 5553 qnia
349 5483 460 5556 expedit
476 5481 550 5538 uatis
566 5490 596 5538 ut
610 5497 682 5537 unus
704 5485 842 5539 moriatur
856 5485 934 5544 tamo
947 5503 998 5559 pro
1052 5505 1116 5546 cere
1132 5507 1238 5563 regem,
1253 5492 1331 5550 sicut
1345 5493 1486 5567 scriptum
1502 5504 1546 5553 est
1558 5514 1565 5554 :
1575 5497 1652 5555 lesus
1671 5514 1735 5570 erpo
1749 5517 1813 5557 eum
1828 5517 1877 5558 rc·

173 5572 288 5649 populo,
305 5577 331 5630 et
347 5587 403 5630 non
415 5578 471 5630 tota
485 5588 550 5647 pens
563 5580 656 5648 pereat
671 5571 760 5644 (loon.
775 5572 827 5648 ιιι).
853 5574 997 5648 Equidem
1051 5583 1196 5652 pncuuset,
1211 5581 1277 5653 quia
1300 5585 1412 5641 uenturi
1434 5595 1525 5643 essent
1548 5595 1578 5645 ut
1602 5597 1731 5663 raperent
1753 5606 1829 5664 eum,
1849 5594 1876 5649 et
