3826 6014
68 197 147 256 1489
570 187 774 251 COMMENT.
798 189 837 250 IN
860 190 1007 254 lIA'I'TlI.
1032 230 1070 242 -
1093 200 1166 260 LlB.
1189 198 1273 261 VIII.
1699 196 1777 255 tatto

64 323 252 384 ventilabatis
266 321 365 378 omnia
375 320 491 376 infirma
506 336 621 392 pecora,
640 321 733 376 donec
745 322 895 394 disperge·
908 325 935 391 Α
949 325 1032 398 bens,
1048 329 1091 385 ita
1106 331 1259 389 meminit:
1274 351 1286 383 ι
1304 329 1439 395 Nescius,
1456 326 1595 399 quoniam
1618 324 1667 398 qui
1682 324 1712 379 in
1728 341 1778 380 sa-

65 421 169 475 reotur
182 411 373 484 loraslitidl.
386 431 400 461 a
413 409 744 481 HujuscejudicatIonIs
756 427 897 469 cousum-
953 417 1223 492 crarioopsrantur,
1239 436 1303 493 que
1313 421 1349 475 de
1359 417 1487 475 sacrarIo
1503 419 1584 486 sunt,
1600 414 1711 472 edunt?
1722 412 1776 478 Qui

67 506 156 562 matio
171 508 242 560 tunc
256 500 321 567 erit,
332 523 347 552 «
374 515 440 558 cum
464 499 577 557 venerit
599 498 691 557 Filius
714 498 843 557 bominis
866 501 897 558 in
952 505 1037 562 altori
1053 508 1230 580 deserviunt,
1247 525 1314 567 cum
1334 507 1418 565 alteri
1440 506 1664 580 participantur.
1689 507 1733 560 ite
1747 510 1777 560 et

69 595 222 667 maiestate
236 609 301 661 sua,
316 594 345 647 et
355 606 457 647 omnes
472 588 646 663 angelicum
660 605 712 647 eo:
730 597 799 646 tuuc
813 591 898 648 sede·
952 593 1095 655 Dominus
1107 601 1254 657 ordinavit
1266 597 1371 671 bisqui
1383 595 1570 669 Evangelium
1582 593 1775 661 nonnullam,

63 684 107 740 bit
124 682 324 756 superaedem
339 679 897 753 majestatis,etcougregebunturante
951 685 987 742 do
1001 689 1155 760 Evangelio
1179 689 1273 746 vivere
1296 691 1320 759 (l
1346 689 1410 745 Cor.
1431 688 1505 759 art»
1521 685 1565 743 Ad
1591 684 1662 757 quid
1685 683 1774 751 enim,

66 789 134 832 eum
150 788 252 830 omnes
263 775 376 845 gentes,
392 773 420 827 et
435 768 584 843 separabit
594 785 645 827 eos
659 769 695 827 ab
709 769 845 839 Invicem,
856 770 897 827 si·
951 791 1046 850 neque
1061 795 1177 852 aurum,
1189 782 1457 853 nequeargentum,
1469 790 1564 849 neque
1575 774 1730 848 pecuniam
1746 773 1775 828 in

65 867 227 937 cutpastor
240 865 371 935 segregat
386 875 454 917 oves
468 861 505 916 ab
520 858 623 928 haedis,
641 864 670 917 et
695 863 805 917 statuet
828 878 895 918 oves
950 866 1041 934 zonis,
1057 865 1602 942 nequeperambabeantpraedicetores
1614 862 1774 937 Evangelii,

64 954 182 1027 quidem
199 969 216 1009 a
230 950 350 1019 dextris,
366 949 467 1007 haedos
480 952 579 1007 autem
596 966 613 1006 a
634 949 765 1007 sinistris
790 949 894 1026 (antra,
951 954 1007 1010 nisi
1023 956 1092 1028 quia
1107 974 1332 1029 nequenscesse
1345 961 1399 1025 est,
1416 971 1511 1027 nequa
1535 951 1776 1027 expedit‘lSemi-
1853 964 1856 969 ·

62 1047 138 1117 xxv).
156 1066 170 1095 a
187 1044 246 1100 Hoc
260 1042 316 1099 erit
330 1057 455 1115 regnum
470 1040 621 1108 caelorum,
637 1040 735 1098 missis
756 1041 849 1099 hedis
863 1042 894 1098 in
950 1044 1200 1103 nantesenimsua
1211 1042 1591 1120 spiritualia,jureillorum
1612 1041 1773 1113 quibuese·

63 1136 160 1207 ignem
176 1138 330 1201 aeternum,
347 1132 473 1189 transire
494 1148 561 1188 oves
584 1132 614 1186 in
630 1131 720 1188 vitam
742 1135 892 1202 eternam,
949 1131 1061 1190 minant
1085 1139 1193 1192 metere
1212 1137 1320 1193 debent
1342 1134 1481 1202 carnalia,
1505 1132 1669 1190 secuudum
1685 1130 1771 1186 istam

65 1244 76 1274 ι
93 1225 127 1280 bt
140 1224 279 1280 inducam
297 1238 358 1290 eas,
374 1220 483 1294 inquit,
499 1221 529 1278 in
552 1225 660 1279 terram
685 1238 770 1280 suam
787 1227 815 1280 et
839 1238 893 1295 pa·
948 1223 1472 1299 sententiamajuetissimoprolatam
1480 1222 1604 1280 Domino
1616 1237 1624 1276 τ
1637 1243 1652 1274 a
1663 1220 1774 1294 Dignus

61 1330 142 1371 scam
157 1331 208 1371 eas
222 1313 252 1368 in
268 1310 569 1382 montibuslsrael‚in
587 1311 667 1379 rivis,
678 1316 708 1369 et
722 1312 753 1368 in
778 1311 893 1368 cunctis
947 1317 992 1369 est
1007 1314 1086 1373 enim
1101 1317 1252 1390 operarius
1265 1318 1330 1375 cibo
1346 1333 1411 1374 suo.
1431 1338 1441 1367 ι
1462 1319 1514 1372 Est
1536 1317 1633 1370 nutem
1656 1312 1704 1369 hie
1720 1311 1774 1368 ali·

63 1405 184 1464 sedibus
200 1409 296 1474 terra,
311 1403 341 1459 in
357 1403 475 1475 pascuis
485 1401 644 1460 uberrimis
665 1419 783 1475 pascam
800 1419 849 1460 eas
863 1405 893 1459 et
947 1403 1017 1474 quid
1031 1406 1311 1480 quaerendumque
1320 1405 1555 1478 cumapudbunc
1563 1401 1773 1476 evangelistam

68 1497 98 1553 in
114 1494 266 1552 montibus
280 1491 401 1550 excelsIe
417 1490 507 1549 Israel
523 1496 610 1549 erunt
622 1508 739 1564 pascuas
752 1496 892 1550 eorumet
946 1490 1772 1569 supra(13)...itnscriptumest‚«lltprecepiteis,uequid

65 1585 105 1641 ibi
120 1584 303 1656 requiescent
320 1580 429 1654 (limis.
445 1583 549 1652 xxxiv).
568 1602 582 1631 c
599 1584 672 1651 Hoc,
687 1581 820 1655 inquam,
845 1585 891 1639 est
945 1582 1082 1641 tollerent
1097 1585 1125 1642 in
1142 1586 1198 1656 via,
1209 1586 1388 1659 nisivirgam
1402 1588 1518 1641 tantum
1535 1585 1631 1656 (tiore.
1645 1595 1693 1649 vq.
1712 1580 1772 1636 »llt

63 1689 187 1748 regnum
199 1672 350 1741 caelorum,
360 1675 389 1728 et
399 1669 468 1742 quia
479 1670 582 1727 Pastor
592 1669 812 1743 istejamvenit,
829 1687 892 1744 pro.
945 1672 1065 1744 quidem
1078 1675 1198 1733 sinnam
1209 1680 1323 1733 tautum
1334 1676 1444 1747 virgam
1455 1674 1609 1740 sciremus,
1620 1668 1771 1727 diifieilius

59 1767 159 1838 pterea
174 1763 240 1819 dico
254 1760 337 1817 vobis
353 1776 441 1828 nunc,
458 1763 491 1816 ut
507 1763 609 1816 euntes
625 1760 661 1816 ad
687 1776 754 1818 oves
778 1760 888 1833 quibus
943 1761 1404 1836 istaquestiosolvereturNuoc
1415 1760 1767 1835 autemdnevirgoesunt,
1855 1804 1857 1809 ,

59 1853 115 1910 hoo
128 1870 180 1927 per
197 1851 377 1923 scripturam
398 1849 601 1923 propbeIIcam
626 1849 805 1924 promissum
831 1854 886 1920 est,
943 1852 1035 1910 altera
1050 1870 1173 1928 regnum
1190 1855 1333 1926 gentium,
1353 1854 1411 1912 alin
1424 1852 1634 1926 discipulorum
1648 1850 1768 1908 Christi.

59 1943 234 2017 praedicetis,
251 1964 265 1992 ι(
281 1940 411 1997 dicentes
427 1941 497 2013 quie
507 1940 753 2013 appropinquavit
763 1956 887 2014 regnum
942 1941 1030 2015 Virga
1045 1959 1168 2016 regnum
1191 1945 1335 2018 gentium,
1366 1944 1449 2018 virga
1471 1948 1515 1999 est
1539 1939 1767 1998 dominationis:

63 2028 887 2103 coelorum.»iliquiadilfieileestutcredantmeease
942 2031 1254 2107 virgadiseipulorum
1270 2029 1769 2105 Christi,virgadilecticnis,virga
1882 2060 1884 2065 ·

59 2123 157 2195 ipsum
171 2120 325 2178 Dominum
341 2119 432 2176 Deum
443 2118 610 2176 visitantem
621 2134 780 2187 oveseuea,
797 2142 812 2170 a
827 2118 887 2176 sic·
942 2122 1098 2194 pastoralis
1113 2123 1213 2192 oillcii,
1237 2140 1327 2197 super
1350 2138 1450 2180 curem
1466 2120 1633 2176 animarum
1648 2117 1770 2176 sollicite

57 2217 91 2268 ut
105 2211 204 2268 visitet
219 2218 319 2284 pastor
333 2224 450 2281 gregem
474 2225 573 2276 auum,
588 2230 602 2260 a
628 2208 712 2266 tacite
735 2225 799 2281 quas
810 2207 886 2267 dico.
941 2208 1101 2283 vigilantis.
1119 2210 1171 2268 Illa
1186 2211 1275 2285 virga,
1286 2229 1350 2284 qus
1363 2210 1574 2268 dominationis
1589 2212 1644 2279 est,
1656 2224 1714 2265 non
1725 2211 1771 2264 est

57 2324 71 2354 a
89 2300 227 2358 infirmos
239 2303 348 2367 curato,
359 2303 490 2357 mortuos
501 2297 791 2371 suscitete‚leproaos
803 2315 888 2355 mou·
941 2315 1080 2357 concessa
1095 2300 1239 2359 ministris
1251 2301 1396 2374 Evangelii
1412 2301 1503 2374 pacis,
1519 2304 1547 2356 et
1558 2298 1608 2356 illa
1623 2297 1771 2355 interdIei·

56 2391 135 2461 date,
151 2391 299 2447 demones
310 2388 420 2461 ejicite.
433 2411 443 2439 ι
462 2387 526 2445 lieo
537 2389 622 2446 tacite
632 2387 662 2445 in
673 2387 885 2459 testimonium,
940 2400 991 2454 tur
1004 2395 1063 2467 hic,
1080 2397 1213 2466 dicendo,
1226 2420 1240 2448 a
1253 2413 1348 2471 neque
1363 2397 1487 2472 virgam,
1499 2418 1513 2447 a
1529 2395 1656 2470 amptius
1669 2397 1768 2452 autem

58 2480 141 2536 utde
156 2478 325 2536 visitatione
340 2476 559 2551 congaudeant
580 2477 699 2550 quidem
724 2494 801 2550 oves,
827 2477 887 2534 aiut
940 2484 1000 2543 illic
1014 2503 1021 2542 :
1037 2509 1052 2537 «
1069 2486 1161 2560 Reges
1174 2487 1305 2561 gentium
1323 2488 1515 2545 dominantur
1538 2502 1648 2553 eorum,
1671 2493 1699 2542 et
1717 2491 1770 2558 quq

56 2574 156 2628 autem
173 2569 245 2625 birci
260 2567 488 2625 inexcusabiles.
504 2568 537 2624 lo
552 2567 600 2624 his
626 2571 725 2624 autem
749 2566 886 2623 omnibus
941 2579 1115 2650 potestatam
1132 2575 1337 2651 habenisuper
1346 2593 1406 2649 eos,
1415 2576 1538 2634 benefici
1547 2580 1689 2632 vocantur
1702 2592 1769 2647 ;vca

56 2658 202 2717 alienauit
212 2656 336 2715 Intentio
348 2656 520 2730 cupidilutIs
532 2657 567 2713 ab
580 2656 746 2730 operatimte
756 2655 884 2712 virtutis.
940 2669 1040 2723 nutem
1057 2681 1115 2722 non
1131 2665 1174 2723 sip
1188 2667 1267 2738 (Luc,
1283 2667 1364 2739 χχιι),
1382 2689 1397 2718 η
1420 2671 1519 2735 PONO,
1543 2666 1654 2736 virgum
1679 2664 1768 2722 disci.

56 2770 71 2799 a
86 2747 184 2804 Gratis
199 2769 210 2798 a
226 2746 307 2804 enim
337 2767 350 2800 a
367 2744 533 2820 accepistis,
550 2768 565 2796 »
581 2749 609 2802 et
633 2744 741 2803 idcirco
764 2767 778 2796 a
793 2745 886 2817 gratis
941 2753 1037 2829 plina,
1050 2755 1164 2830 virgam
1176 2753 1766 2830 pastoraliesollicitudinisacvigilantie,

55 2840 132 2896 date·
150 2859 165 2889 ²·
182 2865 218 2881 -·
234 2836 331 2902 «Οὓῑῠ
347 2836 426 2892 enim
440 2857 455 2888 n
471 2839 603 2894 vetitum
619 2835 693 2892 mibi
708 2858 723 2886 «
740 2834 820 2908 prl⁰r
835 2833 885 2890 de·
940 2859 999 2900 non
1013 2842 1109 2901 solum
1122 2860 1272 2917 nunquam
1285 2844 1444 2913 interdixit,
1454 2844 1650 2901 verumeIIam
1661 2843 1699 2900 ab
1709 2842 1767 2898 inl-

55 2929 99 2986 dit
112 2933 141 2985 et
155 2928 365 2986 retribuetnrei
376 2927 411 2983 l»
425 2929 572 2997 (Romal.)
585 2929 717 2983 Potestas
728 2925 784 2982 ista
795 2940 884 2997 quem
939 2932 981 2989 tio
994 2933 1095 3005 jussit,
1113 2932 1149 2990 ab
1164 2932 1259 3005 initio,
1270 2935 1405 3003 inquam,
1420 2932 1450 2990 id
1462 2937 1507 2991 εει
1521 2948 1625 3005 exque
1638 2931 1766 3005 primum

58 3019 125 3077 dedi
140 3019 234 3090 vobis,
250 3033 306 3074 nou
323 3021 367 3074 aet
382 3016 509 3089 alicujus
524 3016 583 3073 dati
609 3013 698 3072 vestri
719 3012 883 3086 retributio,
940 3026 1073 3095 pastores
1088 3022 1253 3080 animarum
1268 3024 1383 3080 mittem
1401 3023 1497 3096 capit,
1512 3023 1627 3080 Talium
1638 3037 1768 3096 namque

55 3110 161 3167 sedeat
175 3110 295 3166 omnino
310 3111 514 3181 spontaneam
527 3107 655 3182 gratuita
669 3105 799 3165 donatio.
815 3104 883 3162 Non
904 3075 1028 3186 cprimi
1045 3113 1161 3170 fuorunt
1176 3115 1272 3172 Moses
1294 3119 1323 3172 et
1342 3116 1449 3172 Aaron,
1475 3114 1536 3172 litis
1561 3114 1675 3188 utique,
1699 3129 1767 3172 cum

60 3200 158 3258 solum
174 3205 271 3257 autem
284 3216 348 3263 vos,
359 3215 460 3257 verum
471 3199 560 3257 etiam
573 3202 640 3256 ante
651 3215 713 3268 vos,
724 3196 885 3272 etprophe·
939 3202 1067 3260 mitteret
1081 3219 1143 3270 eoa,
1160 3221 1218 3261 non
1232 3205 1371 3278 praecepit
1383 3204 1539 3274 Dominus,
1556 3207 1589 3261 ut
1602 3205 1767 3277 quidquam

60 3294 108 3358 iffi,
123 3293 153 3347 ⁰2
171 3288 356 3363 pairitlsshfflt
373 3292 402 3345 ei
416 3287 478 3357 alii·
494 3287 662 3360 quicunque
673 3286 785 3354 difflui,
796 3289 825 3343 el
838 3301 885 3343 ve·
938 3292 1074 3350 tollerent
1089 3291 1120 3350 in
1134 3293 1193 3366 via,
1207 3293 1265 3351 nisi
1279 3293 1393 3368 virgam
1407 3297 1536 3352 tantum.
1557 3317 1571 3345 ι(
1588 3293 1664 3363 Quid
1679 3297 1735 3359 εει,
1753 3315 1765 3345 ι

59 3379 167 3437 rnoiter
181 3378 292 3449 dieunt,
308 3400 323 3429 ιι
333 3378 371 3433 De
382 3375 566 3450 plenitudine
578 3376 642 3448 ejus
654 3392 708 3432 nos
718 3391 822 3432 omnes
836 3391 887 3432 ac·
939 3381 979 3438 ait
993 3382 1055 3455 ipae
1071 3383 1107 3440 ad
1121 3383 1233 3455 Mosen,
1249 3406 1264 3436 a
1281 3384 1357 3456 quod
1373 3391 1455 3441 tenea
1470 3383 1500 3440 in
1516 3401 1606 3441 manu
1623 3382 1696 3440 tunt
1711 3382 1768 3441 Ra-

58 3471 192 3544 cepimua
207 3468 296 3540 (toan.
313 3467 346 3540 ι),
363 3489 378 3519 a
394 3480 598 3539 quameunque
617 3464 816 3537 operationem
827 3464 885 3520 vir·
939 3471 1075 3543 spondit:
1092 3471 1190 3545 virga.
1218 3495 1232 3522 a
1256 3473 1323 3530 att:
1340 3495 1353 3524 a
1377 3473 1491 3545 Projice
1512 3489 1576 3529 eam
1600 3473 1630 3528 in
1645 3477 1766 3529 terram.

56 3564 168 3630 tutum,
180 3557 418 3632 qualemcunque
430 3555 555 3629 qratiam
582 3558 769 3628 acceperunt,
793 3554 886 3627 gratis
940 3558 1075 3631 Projecit‚
1086 3564 1204 3618 etversn
1224 3565 1269 3618 eat
1284 3561 1314 3618 in
1328 3562 1494 3634 colubrum,
1507 3585 1518 3616 ι
1533 3566 1589 3619 eto.
1606 3561 1702 3632 (deod.
1713 3560 1764 3632 tv).

59 3653 243 3723 acceperunt.
258 3649 292 3705 lit
314 3664 366 3706 vos
390 3647 479 3720 igitur
498 3668 513 3697 «
535 3644 746 3719 gratisonis..
773 3643 886 3700 ittauim
940 3652 975 3706 ut
990 3649 1136 3709 subinde:
1157 3675 1167 3703 ι
1182 3651 1299 3725 virgam
1316 3653 1519 3726 quoquehauc
1533 3652 1658 3710 sumein
1674 3669 1765 3709 mauu

59 3741 228 3814 quicunqne
243 3738 335 3812 gratia
350 3753 408 3795 non
421 3735 544 3804 dederit,
556 3752 614 3793 non
628 3734 684 3792 erit
697 3732 886 3808 quemadmo·
937 3742 1000 3809 tua,
1014 3738 1045 3796 in
1060 3757 1119 3813 qua
1134 3740 1265 3798 lecturus
1278 3758 1309 3800 es
1335 3742 1421 3814 signa
1436 3741 1538 3814 (ibid).
1556 3764 1571 3792 »
1599 3743 1674 3809 Quid
1685 3739 1766 3798 aliud

57 3832 129 3888 dum
144 3830 188 3888 IIII
203 3829 276 3901 8¹1²ti
292 3834 321 3887 θῐ
335 3826 468 3901 [imiimi
485 3823 886 3899 0¹ssml¹biifflii⁸2<l⁰0mld·
939 3838 1076 3913 precepit
1090 3839 1161 3896 boio
1175 3840 1219 3897 vel
1235 3840 1318 3896 tratri
1332 3841 1397 3914 ejus
1411 3842 1520 3910 Aaron,
1536 3842 1567 3895 ut
1586 3838 1720 3896 tollerent
1734 3838 1765 3896 in

57 3938 178 3993 modum
192 3936 344 4004 Heliseus,
361 3933 412 4007 qui
423 3933 555 3992 Naaman
572 3937 654 4006 Syro,
672 3949 759 4004 quem
775 3949 791 3988 a
805 3933 886 4006 lepra
938 3930 995 3999 via,
1012 3929 1070 3986 ulei
1085 3929 1198 4003 virgam
1213 3933 1326 3987 tautum
1339 3928 1420 3986 illam
1432 3929 1446 3986 l
1459 3929 1507 3986 Sic
1524 3928 1664 3985 nimirum
1679 3945 1767 3986 evan·

56 4044 111 4084 sua
136 4026 341 4095 mundaverat,
366 4023 485 4095 dicenti,
512 4022 678 4079 «Obsecro
702 4025 736 4078 ut
759 4022 886 4094 achpias
938 4018 1051 4092 gelistis
1067 4019 1212 4091 omuibus,
1229 4020 1345 4078 cunetis
1359 4018 1765 4093 Evangeliipraedicatoribus,

56 4117 291 4174 benedictionem
318 4133 335 4172 a
360 4128 443 4171 servo
467 4117 537 4170 tuo:
566 4111 653 4183 Vivit,
678 4111 720 4168 ait
743 4111 887 4169 Dominus
939 4107 1015 4165 nihil
1028 4108 1107 4167 aliud
1119 4109 1256 4184 praecepit
1266 4109 1352 4166 invia
1363 4127 1417 4167 soa
1432 4108 1543 4180 tollere,
1556 4108 1613 4167 nisi
1634 4109 1765 4183 vigorem

56 4211 124 4265 eote
139 4223 228 4279 quem
244 4211 301 4272 stc,
317 4204 453 4278 quianon
463 4202 606 4275 accipiam
619 4217 762 4276 mumque
774 4201 832 4258 vim
844 4201 886 4258 l'a·
939 4202 1095 4275 pastoralis
1105 4220 1192 4272 curae,
1204 4202 1261 4260 nisi
1273 4202 1368 4275 legem
1381 4200 1489 4258 vitreae
1500 4201 1577 4258 610
1592 4200 1764 4274 discipline,

58 4300 146 4367 cerat,
161 4295 277 4366 penitus
293 4309 351 4351 non
367 4292 530 4366 acquievit;
545 4313 557 4346 a
570 4291 687 4350 sederit
700 4291 888 4365 quemadmo·
938 4297 966 4349 et
977 4308 1028 4365 pro
1042 4291 1131 4365 hujus
1144 4293 1184 4350 rei
1197 4291 1439 4366 signointerdum
1454 4290 1566 4364 virgam
1578 4308 1766 4364 quoquemn·

56 4386 127 4442 dum
143 4383 237 4451 Giezl,
253 4383 304 4455 qui
320 4382 412 4442 dixit:
438 4405 452 4433 r
474 4381 608 4454 Peperoit
632 4381 773 4440 [lominus
799 4397 884 4438 meus
939 4381 1070 4439 terialem
1082 4398 1171 4438 manu
1183 4385 1307 4456 gestare.
1319 4379 1763 4454 Porro,virgamdominationis,

58 4476 129 4545 Syro
147 4471 205 4542 lstl,
222 4476 255 4529 ut
271 4488 329 4529 non
345 4471 490 4545 acciperet
504 4471 540 4527 ab
565 4487 598 4528 eo
620 4486 684 4543 quaa
706 4470 821 4529 attulit:
838 4470 882 4527 vi·
898 4453 922 4518 D
938 4471 1017 4528 sicut
1027 4471 1090 4543 jam
1107 4470 1218 4531 dictum
1233 4477 1286 4541 est,
1298 4471 1377 4543 apud
1388 4470 1480 4526 istum
1498 4469 1705 4542 evangelistam
1720 4471 1766 4529 in·

58 4565 97 4621 rit
112 4563 266 4629 Dominus,
283 4561 352 4635 quia
366 4576 481 4619 curram
493 4565 560 4633 post
569 4577 636 4618 eum
647 4565 678 4618 et
687 4561 829 4633 accipiam
845 4561 882 4618 ab
936 4560 1063 4619 terdicit.
1071 4560 1154 4630 Quod
1161 4558 1535 4633 sciensapoatolusPetrus,
1544 4558 1629 4615 dicit:
1643 4560 1763 4633 »Neque

58 4672 92 4712 eo
107 4653 229 4726 aliquid.
245 4672 261 4707 n
275 4650 447 4708 Cucurritet
463 4649 585 4723 accepit,
601 4654 631 4707 et
654 4666 722 4706 cum
746 4665 882 4709 reversus
937 4650 1123 4709 dominantes
1133 4650 1164 4706 in
1180 4650 1269 4720 clero,·
1286 4651 1337 4708 sed
1354 4650 1449 4707 forma
1462 4649 1529 4706 iacti
1543 4649 1640 4723 gregIs
1651 4651 1673 4724 (l
1686 4653 1763 4709 Petr.

59 4746 147 4812 esset,
163 4742 245 4815 lepra
259 4741 390 4797 Naaman
403 4738 527 4797 adhesit
540 4740 566 4797 ei
579 4739 588 4810 (
602 4737 707 4812 tvaea.
719 4743 756 4813 v).
934 4741 991 4814 v),»
1006 4745 1035 4799 et
1049 4739 1397 4799 Paulueadtiorintbios:
1414 4761 1427 4794 ι
1444 4740 1579 4809 Parcere,
1592 4741 1699 4813 inquit,
1712 4758 1762 4799 vo·

97 4857 111 4886 a
120 4832 216 4890 Nolite
226 4830 375 4905 possidere
384 4845 499 4900 aurum,
508 4833 777 4903 nequeargentum,
789 4847 884 4904 neque
937 4832 984 4890 bie
995 4847 1052 4890 uon
1063 4831 1128 4890 veni
1139 4830 1217 4888 ultre
1227 4829 1413 4896 Corinthum,
1427 4829 1563 4901 nunquia
1576 4829 1764 4890 dominamur

60 4923 215 4998 pecuniam
229 4918 771 4993 inzonisvestria.NonperaminvIa,
789 4937 884 4995 neque
938 4923 1007 4980 ssdei
1030 4927 1142 4991 vestre,
1173 4923 1225 4980 sed
1250 4921 1400 4993 adjutores
1422 4936 1526 4978 sumus
1549 4918 1648 4993 gaudii
1662 4923 1762 4980 vestri.

60 5014 135 5071 duas
150 5012 274 5081 tunicas,
290 5025 384 5082 neque
399 5009 520 5081 virgam.
536 5009 649 5083 Dignus
663 5014 707 5068 est
722 5011 800 5068 enim
815 5028 885 5086 ope·
939 5011 1013 5070 Nom
1031 5012 1088 5069 fide
1102 5012 1187 5070 statie
1202 5011 1311 5083 (licor.
1322 5011 1356 5083 ι).
1374 5033 1388 5060 n
1404 5009 1475 5076 Quid
1494 5009 1519 5067 si
1534 5027 1592 5066 non
1608 5013 1765 5070 strarotis‘l

61 5104 157 5161 rarius
172 5103 237 5159 cibo
252 5118 317 5159 suo.
334 5099 365 5155 ln
382 5114 588 5171 quamcunque
608 5099 755 5157 civitatem
772 5105 823 5157 aut
837 5118 885 5159 ca·
940 5102 1046 5176 Utique
1063 5106 1133 5160 tune
1143 5125 1157 5154 a
1172 5101 1202 5157 in
1214 5101 1296 5176 virga
1310 5100 1439 5159 venirem
1449 5101 1485 5156 ad
1496 5117 1555 5173 vos,
1572 5119 1650 5161 nunc
1665 5109 1765 5162 autem

54 5195 179 5267 stellum
193 5190 382 5257 intraveritis,
398 5190 575 5261 interrogate
590 5189 655 5260 quia
676 5190 705 5246 in
724 5206 759 5248 sa
778 5189 886 5265 dignus
941 5192 970 5250 in
986 5191 1088 5264 spiritu
1107 5191 1343 5248 mansuetudinis
1362 5191 1385 5263 (l
1400 5191 1460 5248 Cor.
1483 5194 1532 5260 iv).
1554 5212 1568 5241 n
1585 5192 1659 5257 Quid
1676 5195 1766 5266 igitur
1872 5226 1875 5231 ·

61 5287 110 5356 sit,
127 5288 156 5342 et
170 5284 210 5340 ibi
227 5286 352 5348 manete,
370 5280 462 5335 donee
476 5277 596 5335 exeatis.
613 5301 628 5330 »
642 5279 708 5337 llac
720 5288 762 5337 εει
773 5280 824 5337 illa
839 5297 885 5337 or·
941 5281 1125 5354 evangelistae
1136 5280 1351 5339 suntvelcrnnt
1365 5280 1481 5351 tacturi,
1497 5280 1522 5337 si
1538 5297 1632 5354 neque
1648 5299 1763 5356 aurum,

60 5374 171 5432 dinatio
188 5366 579 5441 Dominicujusllpostolus,
596 5369 633 5426 ad
643 5369 887 5429 Corinthiosscri·
942 5386 1037 5444 neque
1051 5375 1206 5445 argentum
1215 5371 1542 5446 possidereconcessum
1554 5371 1658 5442 esteis,
1670 5388 1764 5444 neque

95 5500 150 5573 (13)
166 5497 259 5555 Prasia
275 5508 388 5562 mance,
400 5492 766 5567 eujnseensumintegrum
777 5496 954 5570 assequeris,
970 5497 1010 5555 ita
1022 5497 1185 5571 supplendo
1194 5514 1261 5571 quae
1275 5496 1379 5554 desunt
1394 5517 1402 5559 ε
1420 5497 1486 5554 Cam
1502 5502 1580 5570 apud
1591 5501 1664 5556 tanc
1677 5517 1761 5560 euco-

57 5588 335 5667 aeternaequae
347 5584 452 5659 possim
463 5583 576 5641 omnine
587 5587 732 5659 probitate
744 5588 790 5656 ait,
806 5588 880 5661 apso
892 5587 994 5661 eliam]
1009 5589 1060 5656 ita,
1078 5589 1126 5646 eti.
1144 5587 1329 5647 Paraetonias
1344 5603 1456 5644 antron.
