3826 6014
68 231 146 292 ttae
588 232 795 295 COMhiiiNi'.
820 235 857 296 tit
881 234 1032 296 Matre.
1056 268 1095 279 —
1116 233 1194 296 LIB.
1218 236 1255 295 V.
1700 234 1780 296 ttae

67 382 111 420 res
133 365 230 435 exiles,
255 374 339 438 atque
363 365 506 437 ignobiles
528 376 623 438 utpote
652 378 780 438 terrene,
804 377 832 427 et
857 372 892 427 de
905 372 934 439 A
948 371 1025 427 m
1041 369 1066 427 ei
1081 369 1174 427 verbis
1189 368 1363 442 potentibus,
1379 381 1406 425 ot
1419 368 1454 424 ad
1475 369 1686 440 deprecandum
1701 385 1778 427 con·

66 456 226 511 coelestibus
241 456 300 512 sire
326 456 396 526 spiri
410 458 522 513 uatibus
545 458 617 515 nihil
641 460 789 528 hahentes,
803 459 895 517 verbis
947 460 1046 532 positis
1060 460 1128 527 (iob.
1143 460 1212 530 ιιι).
1225 482 1240 509 »
1255 459 1326 524 Ouid
1341 459 1366 514 si
1380 474 1414 515 aa
1430 457 1533 514 ellectu
1551 459 1654 515 divina
1681 459 1778 532 inepi-

68 555 226 613 ornantur;
243 546 271 602 in
286 548 392 603 sanctis
406 555 500 605 autem
511 549 664 619 scripturis
675 565 733 606 nou
745 565 789 605 res
803 549 895 605 verbis
948 552 1068 609 rationis
1082 552 1171 608 oratio
1188 550 1394 622 protendatur?
1410 548 1547 619 Nunquid
1573 564 1623 618 pro
1648 550 1779 607 multilo-

67 633 126 689 imo
137 635 220 691 rerba
234 636 320 693 rebus
331 637 529 695 venerabiliter
549 639 730 698 decorantur.
749 638 790 695 ibi
813 638 897 696 acrba
948 644 1016 715 quio
1031 641 1219 713 reputabitur,
1237 647 1263 696 et
1274 642 1330 695 erit
1342 648 1443 696 contra
1457 637 1666 695 institutionem
1677 640 1779 696 dicen·

69 725 230 794 conquisita
243 726 344 797 jusque
362 727 432 800 [iope
456 728 565 799 virque}
583 729 731 800 sequentia
745 728 830 785 rebus
844 745 894 785 ca·
949 732 1009 788 tia:
1032 752 1047 782 a
1072 731 1193 787 Orontes
1220 738 1315 786 autem
1339 728 1428 785 nolite
1451 727 1573 784 muitum
1600 727 1678 799 loqui
1702 730 1780 785 sicut

69 812 151 882 ducis
168 823 342 893 majestatem
363 819 520 891 quamdam
540 817 640 874 alierre
662 825 824 891 coguntur3
848 819 896 878 hio
948 820 1100 877 ethnici?»
1115 819 1310 891 Nequaquam.
1328 816 1462 889 Alioquin
1480 817 1546 888 quid
1563 817 1659 873 lietde
1673 817 1779 874 oratio-

69 924 164 972 autem
192 929 236 969 res
260 926 388 982 magnes,
416 926 459 966 res
486 907 598 966 dirinae
621 919 723 980 eponte
748 910 832 967 veroa
855 927 897 968 se-
950 909 1034 967 nibus
1050 909 1244 981 psalmisticis,
1260 907 1288 962 id
1302 905 1472 978 estpaelmis
1487 906 1618 978 pluribus
1633 908 1718 964 modo
1734 906 1786 987 lo·¹
1833 946 1842 959 ,

69 1012 196 1077 quantur
219 1011 247 1058 et
270 1001 399 1073 quamvis
423 998 541 1072 pulchra
565 1000 634 1065 sint,
657 1001 696 1057 ita
721 1016 815 1058 acrum
840 1017 898 1058 ma·
948 999 1075 1057 curionis
1110 998 1234 1055 oratorio
1257 995 1302 1053 vei
1326 997 1518 1068 deprecatorio
1541 995 1735 1063 currentibus,
1751 1004 1778 1052 et

64 1095 167 1165 jestate
188 1091 364 1164 operiuntur,
389 1088 493 1161 utgnisi
513 1087 664 1161 diligenter
687 1090 832 1156 attendas,
849 1091 895 1147 rix
950 1105 1009 1146 non
1031 1089 1101 1144 adeo
1129 1086 1270 1149 breuibus.
1296 1101 1350 1141 nec
1371 1100 1472 1155 perum
1495 1086 1569 1141 bene
1591 1085 1779 1156 compositis?

67 1187 205 1255 appareat
219 1178 392 1252 eloquentia,
405 1180 479 1249 quod
495 1194 619 1249 presens
630 1177 714 1249 adsit,
730 1179 897 1236 dominam·
949 1178 1040 1235 Taceo
1054 1177 1090 1233 de
1105 1176 1202 1232 multis
1216 1173 1395 1232 cretionibus
1414 1172 1624 1243 ecciesiasticis,
1649 1189 1717 1245 quaa
1733 1189 1777 1231 re·
1870 1252 1873 1257 ¹

69 1288 124 1343 que
145 1287 225 1327 suam
255 1268 423 1339 sapientiam
455 1267 579 1324 libenter
600 1266 777 1337 sonoritatae.
803 1267 897 1327 Nolite
949 1267 1067 1339 iigiosus
1082 1266 1186 1338 passim
1203 1274 1361 1322 convontus
1377 1264 1508 1335 privatim
1524 1264 1668 1320 ruminare
1684 1269 1712 1320 et
1728 1277 1777 1333 pu·

67 1378 144 1429 erpo,
159 1359 264 1431 inquit,
282 1356 433 1414 assimilari
452 1357 504 1426 eis,
521 1357 610 1414 nolite
625 1366 736 1429 putare,
758 1360 897 1429 quemad·
951 1357 1024 1415 hlice
1040 1372 1194 1431 personare
1205 1355 1362 1422 consuerit,
1379 1354 1529 1425 plerasque
1549 1353 1673 1424 prolixas
1688 1362 1714 1408 et
1730 1352 1776 1408 iu·

66 1453 183 1507 modum
216 1451 272 1521 ipsi
304 1450 378 1521 quod
412 1450 443 1505 in
467 1446 649 1520 multiloquio
690 1449 896 1519 exaudiamini,
950 1441 1774 1514 culcntosermoneascholestieiscompositas,·depsal·

68 1540 217 1612 Deumque
231 1542 357 1610 judicem
370 1539 462 1611 magis
477 1539 609 1610 iongaet
632 1536 755 1609 eleganti
770 1539 898 1597 oratione
951 1538 1007 1593 mia
1022 1537 1158 1593 duntaxat
1172 1550 1252 1592 nuuc
1266 1534 1339 1601 dico,
1351 1549 1421 1604 quos
1435 1549 1499 1589 esee
1522 1531 1696 1599 compositos
1717 1546 1775 1588 non

68 1646 152 1702 quam
178 1646 272 1687 rerum
292 1632 407 1686 raritate
435 1632 549 1685 liectere
567 1632 618 1685 aui
642 1629 754 1685 vincere
772 1629 897 1699 possitis,
950 1626 1115 1682 dubitamus
1135 1632 1248 1681 auctore
1272 1622 1379 1694 Spiritu
1397 1627 1506 1689 sancto,
1529 1620 1631 1692 spiritu
1654 1620 1776 1692 prophe·

69 1729 117 1775 eut
132 1721 207 1791 quod
223 1721 346 1777 docilem
360 1720 452 1776 iacere
467 1718 526 1776 siva
537 1719 639 1775 docere
650 1719 737 1776 Deum
751 1735 824 1791 opus
839 1721 893 1776 ait:
910 1733 935 1799 Β
951 1717 1015 1773 lico.
1034 1715 1166 1785 Nunquid
1179 1712 1322 1770 debebunt
1337 1712 1483 1768 contemni
1507 1727 1557 1782 pro
1574 1711 1626 1767 hac
1647 1708 1774 1765 auetori-

67 1832 83 1861 «
99 1811 158 1867 Scit
172 1810 248 1868 enim
266 1810 344 1867 Pater
365 1816 456 1867 aester
479 1810 545 1881 quid
561 1824 633 1880 opue
649 1811 687 1866 eit
702 1810 792 1879 vohis,
806 1816 889 1866 anle-
950 1814 1007 1863 tata
1022 1805 1164 1862 dicentia:
1182 1826 1195 1853 e
1208 1801 1300 1860 Nolite
1312 1802 1434 1858 multum
1449 1801 1526 1872 loqui
1537 1800 1573 1856 ‘ia
1600 1799 1720 1857 Proinde
1732 1800 1775 1855 di·

65 1915 152 1970 quarn
164 1900 266 1971 petatis
279 1916 356 1957 crim.
372 1920 387 1950 a
403 1899 552 1969 Consurgit
566 1900 597 1955 in
613 1899 667 1957 hoc
687 1899 749 1957 loco
760 1899 890 1970 quedam
944 1889 1770 1966 iigenteranimadvertendumeat,quianontantummodo

65 1990 192 2059 heresis,
204 1990 439 2061 philosophorum
461 2005 573 2062 quoque
595 1991 697 2062 dogma
713 2005 890 2061 perreraum,
945 1985 1028 2055 dixit,
1044 2006 1059 2033 ι
1073 1984 1163 2041 nolite
1177 1984 1297 2039 muiturn
1314 1982 1401 2054 loqui,
1418 2005 1429 2034 ι
1446 1982 1495 2037 aed
1517 1980 1639 2047 addidit,
1666 2001 1681 2030 a
1696 1982 1771 2036 sicut

63 2082 220 2138 dicentium
247 2096 255 2136 t
279 2080 308 2136 st
334 2082 411 2137 norit
434 2080 507 2135 Deus
525 2079 592 2150 quid
614 2093 739 2147 oremus,
763 2087 791 2135 et
813 2088 892 2135 ante·
944 2075 1065 2140 ethnici,
1081 2079 1135 2131 »et
1148 2071 1426 2143 eicioteliigendum,
1441 2086 1474 2126 ac
1489 2071 1516 2127 ei
1530 2070 1646 2127 dixisset
1661 2069 1770 2128 :Nolite

65 2186 150 2242 quem
185 2178 325 2242 petamus,
359 2170 414 2226 scit
436 2168 540 2240 quibus
564 2168 755 2239 indigeamus,
787 2170 892 2226 iruatra
946 2169 1574 2242 muitumloqui,nisiiorteassioantrerha
1602 2184 1718 2241 precum
1734 2185 1769 2227 ex

63 2260 168 2318 scienti
202 2259 357 2329 loquimur.
383 2257 492 2323 Quibus
510 2258 632 2315 breviter
661 2259 891 2329 respondentium
944 2261 1386 2333 ellectudirioeinepirationia.
1406 2260 1585 2317 Ecoealiud:
1604 2280 1618 2310 a
1643 2260 1770 2316 Solantia

63 2356 106 2407 cst
122 2367 129 2407 :
145 2349 203 2406 Noe
218 2366 275 2406 non
292 2354 453 2405 narratores
466 2364 538 2416 esse,
567 2349 618 2405 sed
639 2357 791 2419 rogatores.
806 2349 891 2405 ettad
946 2352 1039 2418 inilet,
1050 2373 1064 2402 ι
1073 2349 1339 2423 inquitrtpostolus,
1347 2349 1543 2421 subjungens:
1563 2347 1771 2406 «Charilam-

63 2438 193 2495 estenitn
211 2454 328 2494 narrare
347 2438 502 2507 ignoranti,
521 2437 598 2495 aliud
623 2437 761 2495 scientem
787 2446 891 2507 petere.
947 2449 1004 2498 tem
1032 2442 1153 2497 editioat
1177 2442 1200 2506 (i
1227 2440 1290 2497 cor.
1322 2441 1390 2511 rrrr).
1412 2460 1428 2489 a
1453 2438 1587 2509 Nunquid
1618 2437 1671 2495 hoc
1694 2438 1772 2497 dicto

65 2528 98 2584 ln
127 2527 179 2584 illo
199 2526 340 2599 judicium
364 2534 417 2594 eat,
442 2527 488 2583 hic
516 2526 694 2599 obsequium.
712 2528 754 2584 ihi
772 2526 894 2584 lidcliter
947 2529 1098 2587 scientiam
1111 2531 1306 2587 condemnati
1329 2529 1392 2586 Non
1413 2527 1522 2600 utique,
1539 2528 1588 2583 sed
1603 2527 1772 2584 charitatem

65 2620 225 2685 referimus,
236 2618 281 2674 hic
303 2615 503 2673 miserabiliter
525 2616 720 2674 obsecramus.
746 2615 813 2673 Plus
838 2617 893 2673 ad·
947 2622 1141 2686 commendat,
1164 2636 1284 2689 eantque
1309 2619 1452 2677 socialiter
1466 2634 1531 2675 curn
1548 2618 1668 2675 scientia
1690 2619 1774 2675 nobie

66 2708 336 2766 hucdiscendumct
346 2706 546 2763 venerabiliter
556 2707 743 2763 sentiendum
757 2716 810 2773 eat,
826 2707 893 2778 quia
947 2710 1044 2766 inesse
1066 2710 1218 2766 desiderat.
1242 2710 1365 2767 scicntia
1389 2724 1514 2780 aramque
1537 2709 1600 2763 sine
1623 2708 1772 2766 charitate,

64 2798 226 2868 speciosum
239 2796 374 2854 hociuter
389 2801 477 2853 Deum
489 2804 516 2852 et
528 2795 660 2853 homines
674 2796 891 2867 commercium,
947 2814 1045 2854 aarum
1070 2798 1185 2870 quidam
1199 2806 1251 2866 eat,
1276 2800 1341 2869 quia
1362 2799 1453 2864 inliat,
1475 2801 1519 2854 est
1533 2796 1610 2851 enim
1625 2797 1772 2852 saculeris

64 2891 172 2948 seilicet
192 2892 282 2948 cretio
296 2906 356 2946 non
370 2888 453 2945 dehet
481 2904 544 2946 esse
568 2888 750 2945 solummodo
764 2890 799 2944 ad
815 2888 892 2945 acci·
947 2888 1087 2956 uetantia,
1102 2903 1168 2944 oum
1184 2887 1320 2945 charitate
1334 2903 1400 2944 aero
1414 2885 1535 2943 scientia
1551 2885 1671 2941 orultum
1682 2885 1772 2941 atili·

64 2982 214 3052 piendum,
231 2997 327 3038 aarum
344 2981 428 3038 etiam
445 2981 480 3036 ad
496 2980 718 3049 ooorrrrendum,
735 2980 891 3037 ediliceret
946 2982 1003 3044 eat,
1019 2977 1148 3033 estcnim
1164 2978 1271 3033 donum
1287 2977 1348 3044 Dei,
1363 2992 1428 3033 cum
1453 2978 1491 3031 sit
1504 2976 1622 3045 spiritus
1644 2975 1770 3032 scientie

65 3070 211 3126 beneficiis
242 3071 289 3126 Dei
315 3069 508 3137 venientibus,
533 3070 618 3125 donis
641 3068 778 3125 iltiseirni
800 3069 889 3139 gratis
909 3087 931 3156 G
948 3063 1768 3138 unusneseptamaptrttthoshommo‚quintasium-noe,

63 3160 257 3225 effluentibus,
272 3159 432 3217 solemnem
452 3169 479 3217 et
496 3161 659 3232 religiosum
680 3162 772 3217 oratio
787 3169 887 3218 sancta
947 3171 1032 3228 quem
1059 3156 1199 3226 Propheta
1231 3158 1323 3213 taliter
1344 3156 1505 3229 prascripit
1528 3172 1559 3212 :o
1582 3154 1703 3226 Spiritus
1721 3170 1769 3210 sa·

63 3251 186 3324 praebeat
211 3265 371 3316 occursum,
394 3249 565 3318 juataillud
597 3249 778 3306 Paeimista:
804 3271 818 3300 a
854 3251 887 3306 Et
940 3244 1056 3316 pientiae
1070 3253 1099 3301 et
1124 3246 1300 3311 intellectus,
1316 3246 1434 3315 spiritua
1453 3243 1569 3301 consilii
1583 3251 1611 3299 at
1627 3242 1768 3299 tortitudi-

61 3338 251 3396 maneoratio
272 3354 336 3394 mea
365 3342 517 3409 preveniat
550 3346 577 3395 te
608 3339 698 3410 (Psoi.
732 3339 851 3409 saxnat).
872 3360 887 3390 ι
943 3335 1319 3404 nis,apiritusacientiaret
1341 3334 1637 3405 pietatis,etapiritue
1658 3330 1770 3389 timoris

64 3425 194 3495 Exempli
209 3426 316 3497 gratia:
331 3448 345 3476 ιι
363 3427 436 3483 Ειιι
458 3425 565 3483 ancille
584 3425 711 3492 Domini,
733 3428 772 3482 ait
791 3427 887 3494 hieria,
943 3423 1058 3479 Domini
1071 3425 1135 3495 (lea.
1153 3429 1192 3493 ιι).
1209 3446 1225 3475 ι»
1242 3426 1348 3495 itaque,
1363 3426 1437 3482 sicut
1453 3424 1601 3480 scientiam
1629 3439 1686 3478 non
1703 3437 1769 3493 pro·

64 3517 115 3573 liet
131 3516 201 3572 mihi
221 3517 381 3572 secandum
405 3515 523 3572 verhum
544 3522 624 3571 tuum
648 3518 725 3583 (tae.
745 3516 774 3587 r).
801 3515 886 3572 »De
944 3522 1005 3583 pter
1020 3516 1213 3584 semetipsam,
1226 3515 1275 3568 aed
1293 3526 1405 3584 propter
1420 3512 1590 3568 viduitatem
1603 3511 1761 3581 qnamdam

65 3608 153 3679 nique
164 3606 223 3676 jam
242 3605 335 3673 tiebat,
347 3605 409 3676 jam
421 3621 456 3661 ex
473 3620 522 3660 ore
540 3604 634 3675 angeli
657 3607 774 3660 verbum
790 3606 891 3662 eudic-
944 3600 1012 3656 duna
1028 3600 1092 3657 eine
1103 3600 1242 3658 charitate
1256 3606 1310 3669 eet,
1332 3607 1472 3672 vituperat
1497 3600 1648 3671 Apostolus
1660 3598 1770 3665 dicens,

66 3702 109 3752 rat
123 3705 150 3752 et
164 3695 357 3765 concipiebat,
372 3703 400 3750 et
425 3702 520 3750 temen
544 3696 653 3751 orendo
676 3695 758 3758 dinit,
782 3695 891 3764 impre·
949 3708 960 3738 ι
976 3691 1098 3745 scientia
1111 3691 1202 3758 inhrt,
1219 3690 1398 3762 »italungam
1414 3699 1440 3747 et
1454 3689 1772 3746 iocundamoratiouem

63 3791 155 3845 cando
174 3789 229 3844 sihi
255 3785 389 3843 clamarit
418 3787 542 3843 clamore
572 3787 666 3844 cordis
694 3787 891 3859 inenerrabili,
946 3789 1299 3859 Dominus,nonpooptcr
1321 3787 1561 3859 semetipsamrel
1583 3784 1776 3857 proptersui-

70 3879 160 3935 aFiat
175 3878 245 3933 mihi
261 3877 418 3934 secuudum
432 3878 550 3934 verbum
567 3881 724 3934 tuumiioc
739 3893 891 3948 propemo·
948 3885 1007 3934 met
1033 3876 1241 3948 longitudmem
1261 3876 1403 3949 reprobat,
1427 3876 1477 3933 sed
1502 3884 1618 3948 propter
1646 3875 1771 3932 similem

66 3972 134 4026 dum
150 3967 274 4035 estleia,
300 3983 334 4024 ec
356 3967 379 4023 si
399 3982 551 4038 personam
573 3968 690 4039 dignam
715 3969 819 4025 cherua
842 3984 893 4025 ex·
946 3967 1245 4039 ignobilitatemdum
1258 3964 1770 4030 aiesidcriumsanctumnonhahens‚

67 4060 164 4128 cipiet,
179 4071 226 4112 aut
241 4067 332 4114 eoetus
355 4056 494 4113 solemnis
514 4060 670 4127 procedens
694 4057 817 4125 obviarn,
834 4074 892 4115 non
947 4059 1066 4131 quilrhet
1081 4075 1160 4117 more
1174 4060 1353 4117 ethnicorum
1368 4059 1452 4116 rerba
1463 4058 1644 4130 multiplicat.
1660 4057 1730 4116 Nam
1746 4057 1770 4115 ei

65 4148 123 4219 jam
141 4153 171 4203 ut
187 4148 350 4214 ueniet,sed
376 4146 442 4217 quia
466 4148 556 4203 venit.
582 4147 654 4205 iiinc
677 4156 720 4204 est
734 4149 893 4222 quodquo-
948 4157 1099 4221 utrumqne
1112 4150 1196 4216 adsit,
1213 4166 1270 4205 non
1287 4151 1379 4206 solum
1403 4157 1531 4207 orantem
1553 4148 1643 4219 jurat,
1672 4162 1770 4204 uerum

67 4239 136 4296 tidie
150 4239 245 4295 cibum
261 4247 316 4292 tam
334 4237 512 4307 spiritualem
529 4252 614 4309 quarn
634 4240 812 4308 corporalem
826 4254 892 4295 cum
948 4240 1034 4295 etiarn
1047 4239 1209 4296 audientem
1224 4239 1356 4307 adilicat,
1373 4248 1459 4310 utque
1471 4236 1666 4294 abundantius
1680 4235 1770 4291 cotti-

66 4333 195 4385 oratlone
216 4329 399 4399 percipimus,
421 4328 538 4400 jamque
561 4328 697 4386 hahentes
723 4346 780 4401 prae
802 4329 894 4386 oculis
947 4337 1005 4393 cet,
1026 4327 1257 4399 pleraqucoratio
1267 4327 1523 4385 Eccleeiaemueicoe
1534 4325 1695 4383 dulcedinis
1705 4338 1770 4380 aua·

66 4426 114 4475 aut
130 4435 216 4488 prope
236 4427 363 4475 tenentes
378 4421 408 4475 in
429 4420 562 4475 manibus
582 4435 685 4490 panem
711 4419 889 4476 dominicum
949 4419 1032 4475 ritate
1046 4419 1160 4475 condire
1175 4427 1226 4476 eat.
1239 4416 1318 4474 Valet
1341 4419 1419 4474 enirn
1440 4417 1554 4473 auditus
1574 4417 1690 4472 musicae
1704 4414 1769 4470 dui·

68 4508 131 4562 ritae
151 4517 275 4571 eternae,
299 4524 403 4579 panem
428 4508 580 4564 victualem
604 4508 798 4566 neceesarium
823 4509 889 4565 huic
947 4511 1057 4569 cedinis
1072 4510 1218 4580 psallendo
1233 4520 1318 4581 atque
1335 4510 1442 4566 orando
1456 4510 1489 4564 ed
1515 4508 1694 4564 invitandam
1710 4507 1771 4564 sive

67 4597 217 4666 ternporeii
247 4602 318 4665 nte,
341 4596 530 4654 nihilominus
550 4614 669 4655 aramue
690 4602 720 4654 et
741 4599 890 4667 dicimus;
947 4601 1125 4660 excitandam
1148 4601 1178 4656 in
1203 4609 1316 4670 pectora
1337 4609 1434 4657 nostro
1457 4598 1578 4670 Spiritus
1602 4598 1691 4654 uncti
1706 4613 1771 4667 pra-

69 4711 84 4739 «
102 4687 205 4742 Panem
224 4697 349 4742 nostrum
373 4685 572 4756 quotidianum
596 4687 634 4743 da
659 4685 846 4755 nobiabodie,
876 4707 892 4738 a
948 4692 1028 4758 tiam,
1043 4692 1203 4747 seeundum
1219 4688 1696 4760 etiaetpropheteeaempium,de
1712 4701 1770 4758 quo

68 4776 134 4850 quia
151 4777 283 4833 rialelicet
298 4778 422 4844 bantana
437 4776 568 4833 voluntas
585 4777 632 4833 Dei
648 4776 747 4834 omnia
762 4777 892 4835 tribuen-
946 4783 1040 4838 taliter
1055 4780 1195 4849 scriptum
1210 4788 1252 4835 eat
1266 4780 1296 4835 in
1311 4781 1382 4835 libro
1410 4780 1535 4852 Regum:
1550 4797 1561 4826 ι
1589 4777 1663 4834 Virit
1676 4774 1774 4832 Domi·

68 4867 114 4934 tis,
131 4866 242 4923 ermiles
260 4874 336 4936 optat
351 4866 407 4921 sihi
421 4881 483 4921 esre
499 4864 593 4923 auitas
613 4866 757 4923 interioria
768 4865 894 4925 hominis
946 4885 1002 4926 oue
1016 4871 1205 4935 exercituum,
1226 4869 1256 4925 in
1275 4869 1359 4939 cujus
1373 4877 1526 4939 conspeetu
1539 4876 1592 4934 sto,
1608 4866 1647 4945 eit
1658 4867 1719 4936 ipae
1736 4865 1773 4923 ad

67 4956 366 5028 accipientis,utquo·i
394 4956 477 5012 detur
491 4955 595 5012 drvtna
615 4955 761 5013 eharitatis
784 4958 892 5013 haneli-
946 4959 1041 5015 iorem
1058 4971 1152 5026 retem
1169 4957 1265 5023 iarael,
1275 4957 1375 5029 quiesi
1385 4959 1558 5013 nonaultum
1574 4955 1709 5028 iosaphat
1723 4971 1773 5012 ra·

67 5059 123 5106 ero,
139 5044 309 5114 suscipiatur
322 5060 387 5102 eum
403 5044 545 5101 desiderio
556 5044 784 5116 desideriumque
798 5049 892 5117 ipsum
947 5046 990 5117 gis
1001 5046 1081 5101 iude
1095 5046 1303 5113 erubescerem,
1319 5061 1373 5102 nee
1397 5046 1580 5101 attendissem
1603 5046 1718 5116 qualem
1735 5052 1772 5118 te,

68 5139 186 5190 testetur
200 5136 300 5196 oratio.
316 5134 516 5203 socialiterque
531 5133 689 5190 orationem
713 5134 893 5202 subsequens
948 5154 1001 5196 nec
1016 5153 1214 5210 resperrssem.
1233 5142 1316 5197 Nunc
1338 5150 1433 5196 autem
1458 5140 1590 5197 adducite
1606 5140 1676 5195 mihr
1692 5138 1773 5194 Psal-

67 5224 222 5294 prntiarum
235 5222 321 5280 actio.
336 5222 608 5294 cumigiturdicit:
624 5244 636 5271 ι
652 5222 797 5280 scirentne
810 5222 893 5281 Peter
947 5236 1014 5285 tana.
1039 5231 1167 5299 Cumque
1181 5236 1296 5287 cenaret
1319 5232 1435 5296 raetiae,
1461 5231 1534 5286 iacta
1548 5236 1590 5287 est
1602 5244 1689 5297 eupcr
1705 5242 1772 5284 eum

68 5322 159 5368 vester
174 5313 241 5382 quid
254 5328 326 5382 opus
342 5312 377 5365 sit
392 5312 485 5376 vobra,
505 5320 657 5383 antequem
669 5312 770 5381 palatie
784 5329 861 5382 eum,
877 5333 891 5366 ι
947 5332 1050 5373 manus
1066 5315 1189 5382 Domini.
1205 5327 1230 5374 et
1246 5321 1304 5375 ait:
1322 5318 1386 5375 Hac
1400 5318 1471 5375 dicit
1492 5320 1649 5374 Dominus:
1678 5316 1773 5371 Facite

67 5410 259 5459 nonotrcsunr
274 5405 509 5470 euteuperiiuurn
525 5403 894 5460 nosexiotimarerultore·
947 5407 977 5462 in
1002 5406 1057 5463 hoc
1080 5407 1160 5463 eireo
1185 5409 1318 5465 torrentis
1347 5409 1437 5465 lossas
1464 5417 1492 5465 et
1516 5407 1605 5462 iussas
1633 5403 1679 5462 eli
1705 5404 1769 5474 ttae.

68 5491 891 5564 tionisstu·tiom,sedritaremultiloquium,scientesquod
947 5494 999 5563 ιιι),
1020 5505 1074 5551 ιιι.
1101 5493 1164 5552 Non
1185 5496 1282 5553 dubito
1306 5496 1455 5567 plerosque
1474 5493 1603 5564 assequi
1629 5493 1714 5563 hujus
1730 5493 1770 5550 rei

68 5591 94 5642 te
104 5582 657 5642 uiimdaDehemetadbeatumiuhdiait
667 5598 675 5641 :
684 5581 892 5656 «Nonperunnr
948 5584 1173 5655 experimentum
1183 5585 1467 5659 quantulumcunque
1480 5583 1601 5640 assecuti
1611 5590 1679 5640 suut
1693 5591 1720 5641 et
1729 5598 1774 5641 ee·
