3832 6008
67 245 143 309 lidl

461 241 669 305 COMMEN‘I'.
693 243 738 304 IN
760 238 1071 303 ECGLESIASTEN.
1094 274 1133 288 -
1153 242 1228 303 ala.
1252 242 1368 306 UNUS.

1686 242 1765 305 1262

53 397 149 436 omaro
164 395 227 452 quse
241 380 335 448 hules,
349 383 375 436 et
390 379 426 435 do
439 377 739 451 cacuminantem,
764 390 877 448 sequere
891 374 918 442 Α
933 374 1051 429 monica.
1067 373 1155 430 Nulla
1169 375 1231 431 dies
1243 392 1294 447 per
1309 392 1340 432 se
1351 373 1426 431 bona
1437 375 1480 431 val
1495 375 1634 444 malaeat,
1644 377 1695 434 sed
1708 380 1760 434 bo-

53 487 108 540 me,
124 474 149 526 et
164 471 278 527 boletis
293 471 456 527 thesaurum
480 470 511 523 io
534 468 611 524 culo.
635 466 710 534 Quid
735 466 884 522 contineat

53 559 264 614 commoditatis
275 559 419 631 sapientia
434 573 498 613 cum
513 555 622 612 divitiis
631 558 883 624 testanturscqua·

54 667 103 706 ces
119 649 235 715 Christi,
252 649 303 721 qui
328 648 430 705 divites
457 646 524 702 tacti
549 650 619 702 sunt
644 659 696 717 per
720 643 882 717 spiritalem

55 743 262 811 paupertatem
273 739 342 809 (lac.
356 737 399 809 ιι).
413 736 584 792 Hinctestes
594 733 764 790 santetiam
779 732 882 787 mundi

54 826 303 900 gymnosophistae
319 822 880 898 quiostendontliuhadiquodpos·

53 911 757 989 sitsapientianuda.0ualislueritsocrates‚qui
770 910 880 982 prodo·

52 1001 883 1077 sideriosapieatioe,croniaquaehahabatvendidit,atpre·

51 1097 128 1153 tium
143 1111 243 1151 eorum
259 1094 288 1150 in
307 1110 385 1150 mare
397 1092 519 1164 jactavit
531 1092 654 1149 diceas:
672 1090 729 1162 ligo
740 1105 791 1145 vos
804 1103 881 1144 rner-

52 1202 130 1256 gam,
146 1201 183 1241 na
198 1199 314 1255 mergar
328 1200 346 1239 a
362 1181 455 1243 vobis.
469 1180 543 1247 Quid
553 1179 657 1252 loquar
670 1180 706 1234 de
718 1183 756 1248 te,
768 1176 817 1249 qui
829 1192 881 1249 pro

49 1279 117 1330 voto
127 1272 329 1346 sapientimne
338 1271 449 1343 aliquid
460 1270 572 1326 videres
582 1268 660 1340 quod
674 1266 881 1338 concupiscere

51 1382 163 1437 posses,
181 1362 281 1420 oculos
297 1368 365 1419 tuos
380 1360 486 1417 stolide
501 1360 642 1432 sapiendo
657 1354 808 1414 effodisti?
826 1360 876 1412 Est

50 1471 121 1527 ergo
134 1455 198 1510 sine
210 1453 320 1509 divitiis
332 1449 637 1525 sapientiavilisquam
643 1447 788 1521 pluribus,
798 1446 882 1518 igna-

940 480 997 519 nus
1013 471 1061 519 aut
1078 463 1173 520 malus
1189 473 1320 533 eventus,
1336 465 1432 523 bonus
1447 466 1491 522 vel
1503 467 1598 523 malas
1610 467 1680 522 orato
1694 484 1761 523 cau-

939 570 1051 623 sarum,
1067 559 1118 610 aut
1131 572 1227 610 rerum
1239 555 1321 611 dabit
1333 556 1490 628 unicuique
1504 557 1631 623 diarum,
1642 562 1674 614 ut
1685 558 1761 617 hona

938 644 982 698 vel
996 643 1071 700 mala
1082 646 1129 700 sit.
1138 650 1198 703 Hoc
1209 645 1493 703 extrinsecusaderit
1503 647 1544 703 illi
1556 667 1563 716 3
1576 648 1670 703 aderit
1681 648 1761 706 enim

939 733 1001 788 dica
1016 750 1121 803 caasa,
1138 740 1166 789 et
1176 734 1331 790 causedici
1342 750 1349 789 :
1361 736 1424 792 dias
1435 735 1513 791 onim
1525 737 1693 807 subjectum
1705 743 1760 807 eat,

940 821 1026 894 quale
1039 828 1120 879 extra
1135 823 1250 879 accidit.
1268 824 1318 880 llst
1333 825 1408 880 bona
1423 825 1496 894 dies,
1513 825 1560 881 cui
1572 843 1669 883 rerum
1679 827 1763 900 cupis

939 914 1190 978 divesaccidit‚et
1219 921 1295 972 totus
1320 918 1461 987 temporis
1487 934 1558 974 usus
1582 920 1760 987 concordat;

938 1006 1101 1062 econtrario
1117 1005 1195 1062 mala
1210 1005 1273 1061 dies
1282 1010 1337 1072 est,
1349 1006 1396 1060 oui
1407 1007 1488 1063 deest
1499 1008 1582 1080 copia
1592 1025 1700 1075 rerum,
1712 1009 1760 1065 cui

937 1096 1167 1165 totustemporis
1180 1094 1762 1168 ususdiscordat.Quandajucundadies

938 1200 984 1240 res
995 1201 1097 1240 amnes
1108 1185 1160 1240 tibi
1174 1190 1336 1257 prosperat,
1346 1190 1426 1242 utere
1436 1185 1649 1243 rationabiliter
1659 1187 1760 1259 acqui·

938 1273 1015 1340 sitis,
1031 1283 1058 1329 et
1073 1274 1114 1329 ita
1128 1275 1227 1329 omnia
1243 1273 1321 1330 mala
1335 1273 1482 1344 sapienter
1498 1277 1685 1349 praecavebis.
1710 1277 1762 1333 llle

937 1377 1006 1434 ergo
1026 1363 1099 1418 bane
1114 1363 1220 1418 fruitur
1234 1363 1397 1434 acquisitis,
1415 1365 1465 1436 qui
1482 1366 1723 1435 peccaremetuit,
1735 1372 1763 1421 st

937 1467 973 1506 ne
989 1451 1051 1507 dios
1063 1452 1168 1522 judicii
1186 1452 1263 1508 mala
1278 1452 1335 1509 sibi
1349 1454 1536 1524 superveniat
1549 1459 1678 1511 seretur.
1703 1454 1760 1518 Qui

53 1544 94 1600 rie
109 1561 165 1616 quo
178 1545 234 1599 sine
244 1541 389 1615 sapientia
400 1540 523 1597 tenenda
535 1541 583 1607 sit,
597 1554 685 1611 quam
695 1536 822 1592 multum
833 1552 879 1591 sa·

51 1632 160 1706 pientia
170 1631 259 1689 distat
273 1650 290 1688 a
301 1648 355 1688 sua
366 1630 481 1688 umbra.

88 1723 174 1778 Vana.
193 1722 236 1776 tl.
248 1752 282 1763 -
296 1719 451 1778 Considera
462 1734 547 1790 opero
561 1716 619 1787 liei,
636 1716 707 1789 quod
721 1731 800 1772 asmo
812 1730 876 1787 poa·
896 1746 918 1812 B
935 1720 1021 1775 bonis
1038 1737 1045 1776 ε
1063 1720 1164 1786 l'euite,
1181 1721 1315 1777 benedicti
1330 1723 1425 1778 Putris
1453 1725 1530 1791 mei3
1551 1723 1689 1795 percipite
1715 1739 1761 1781 re·

50 1813 89 1869 sit
101 1812 240 1881 corripere
254 1827 333 1883 quem
344 1809 396 1867 tlte
405 1810 567 1881 despexerit.
581 1809 609 1863 Si
623 1812 718 1863 totum
729 1811 877 1862 transcur-
933 1827 1020 1878 pacm
1043 1810 1115 1882 qnod
1138 1812 1213 1866 erotis
1239 1815 1368 1882 paratum
1396 1820 1435 1868 εει
1464 1813 1499 1868 ap
1529 1813 1636 1882 ομῑρῑηθ
1663 1813 1764 1870 mund,-

50 1892 876 1968 ramusEcclesiastemhictantummodopersuadcrinos
930 1901 1141 1973 (traham),
1168 1901 1576 1974 atanonvergoiniquium,
1607 1903 1761 1973 materiensi,
1800 1942 1804 1949 .

49 1992 227 2058 Videbimus,
244 1994 352 2062 quanta
369 1993 444 2044 ⁰0⁰³
460 1987 527 2043 lflcll
552 1990 581 2042 el
609 1985 705 2052 iactet,
732 1983 788 2039 1¹⁰⁰
817 1998 877 2054 ΡΜ
931 1993 961 2046 in
976 1990 1068 2063 ipsein
1083 1996 1217 2048 sternam
1232 1992 1281 2063 qui
1295 1999 1412 2065 paratus
1425 2002 1465 2049 eet
1479 1993 1588 2050 diabolo
1602 1998 1628 2050 et
1651 1993 1759 2063 capelia

51 2083 168 2154 magnis
184 2079 346 2135 maximum
362 2082 408 2134 est
424 2076 522 2148 3quod
536 2091 620 2131 nemo
631 2071 877 2146 possitcorrigsre
930 2078 989 2145 eim
1004 2079 1108 2150 (ibid).
1125 2079 1158 2134 tlt
1173 2080 1243 2151 quid
1260 2082 1289 2134 tn
1304 2081 1476 2139 Creatorem
1504 2086 1636 2138 nostrum
1657 2083 1756 2154 justae

48 2187 134 2243 quem
151 2169 199 2225 ille
214 2169 392 2240 dsssspttxetll·
409 2165 481 2223 Cain
496 2165 614 2236 (Ιῦᾶῦἅο
632 2162 809 2235 ttssssssssttllttl
823 2163 877 2217 sta·
930 2166 1067 2225 volumus
1074 2171 1186 2239 jactare
1199 2168 1344 2241 querelae,
1359 2172 1437 2241 quod
1447 2170 1570 2226 nimium
1579 2171 1690 2242 fragilis
1702 2189 1755 2229 noa

47 2263 123 2315 trem
133 2275 218 2314 ΕΜ
229 2256 348 2322 ⁰⁰⁰ldll·
359 2255 502 2312 D⁰s⁰l¹¹²¹⁸
516 2253 641 2326 henigne
652 2251 812 2319 P⁰V⁰⁰fltll3
824 2251 874 2307 ⁸0⁶
931 2260 1226 2327 leceritconditionis,
1240 2266 1272 2317 ut
1283 2263 1431 2334 possimus
1444 2279 1572 2334 peecare,
1586 2264 1658 2320 niori
1667 2270 1756 2337 atque

47 2349 96 2405 ille
112 2350 148 2404 (10
166 2347 271 2402 medici
288 2345 445 2412 medicina,
459 2349 487 2401 Ol
502 2343 552 2401 Del
564 2341 877 2413 ffll⁸0tl⁰⁰rdlssd³⁸lt⁸·
930 2351 965 2406 ad
982 2357 1090 2407 eterna
1100 2355 1246 2407 tormenta
1257 2352 1374 2423 perduci
1384 2353 1449 2409 ‘leod
1463 2354 1570 2409 trustra
1580 2370 1736 2410 causamur
1751 2370 1759 2422 ς

50 2455 119 2496 rans
135 2456 143 2491 r
168 2437 255 2502 Maior
268 2438 317 2501 eat,
336 2436 377 2491 uit
392 2432 527 2506 iniquitas
540 2449 601 2490 crea
616 2449 697 2504 quoru
718 2437 749 2487 ut
768 2431 876 2487 veniam
930 2438 1004 2494 nihi}
1019 2446 1062 2497 05t
1078 2442 1156 2513 quod
1168 2443 1247 2512 pm„
1262 2443 1403 2514 conqueri
1419 2443 1568 2513 possimus
1582 2445 1618 2500 d,
1634 2443 1760 2500 Domino

51 2547 160 2587 merear
180 2530 258 2600 (Gen.
271 2529 319 2599 av).
343 2527 524 2583 Pharaonem
549 2541 649 2598 regem
677 2524 790 2596 egypti
814 2523 875 2580 tre·
930 2535 1041 2596 nostro,
1059 2531 1108 2600 qui
1125 2532 1199 2586 tates
1214 2531 1322 2587 creavit
1336 2548 1400 2600 aas,
1415 2532 1456 2586 uti
1468 2533 1668 2605 nosmetipsos
1682 2531 1759 2589 tueri

50 2619 210 2694 quentibus
219 2618 362 2675 Dominus
373 2617 513 2689 prodigus
522 2616 557 2673 ad
569 2614 802 2672 miscricordiam
814 2630 877 2685 pro·
930 2632 1073 2689 queamus
1090 2623 1177 2689 atquc
1189 2618 1274 2674 nobis
1285 2619 1444 2685 dominari,
1455 2619 1479 2675 si
1493 2622 1599 2676 beneet
1609 2621 1759 2695 sapienter

49 2710 174 2778 vocavit,
191 2708 243 2764 sed
258 2707 327 2779 quia
342 2707 408 2763 duri
427 2705 524 2763 cordis
539 2704 588 2761 ille
603 2704 669 2773 luit,
685 2702 809 2760 emolliri
821 2704 876 2759 rui·
928 2706 1050 2763 vivendo
1067 2706 1145 2762 mala
1160 2708 1392 2764 destruxerimus
1408 2710 1547 2766 cavendo.
1565 2713 1618 2766 Per
1635 2710 1710 2767 bona
1728 2715 1757 2767 et

49 2800 127 2856 nime
152 2797 246 2871 potuit
272 2796 368 2869 (deod.
399 2796 449 2867 rx).
480 2795 749 2852 Nabuchodonosor
775 2791 875 2848 Daniel
929 2812 980 2868 per
996 2795 1220 2869 malaquasibi
1236 2800 1384 2853 contraria
1402 2803 1481 2863 sont,
1499 2799 1642 2855 sicuttibi
1659 2800 1756 2869 subje-

49 2888 358 2946 sanetusadmonehat
368 2889 400 2940 ut
410 2889 527 2958 peccata
537 2882 792 2955 suaeleemcsynie
802 2883 875 2939 reili-
930 2892 995 2942 ctus
1010 2889 1069 2942 stat
1081 2886 1207 2942 mundus
1219 2903 1269 2958 per
1279 2887 1472 2957 contrariam
1484 2904 1539 2960 quo
1551 2889 1669 2961 quidem
1681 2904 1760 2947 curm·

50 2983 147 3036 meret
162 2978 242 3050 (hon.
260 2978 318 3047 rv);
333 2976 384 3032 sed
402 2973 541 3046 qnoniam
558 2989 614 3029 non
627 2971 875 3043 llexitinorepatic
930 2984 1072 3048 pugnant,
1088 2976 1138 3031 sed
1155 2992 1213 3032 non
1230 2977 1557 3049 repugnantsinepace,
1571 2978 1677 3049 frigida
1690 2997 1759 3037 curn

48 3086 121 3125 sena
137 3067 309 3139 superbum,
325 3065 447 3122 itesam
464 3062 700 3136 desperamus,
716 3064 758 3118 ita
776 3078 875 3135 repro·
934 3063 1046 3132 calidis,
1070 3070 1240 3122 concertant
1267 3065 1418 3122 humentia
1441 3066 1536 3136 siccis,
1562 3073 1650 3141 atque
1676 3071 1760 3127 bonis

51 3160 140 3226 bavit,
158 3165 189 3215 ut
206 3175 257 3231 per
271 3163 383 3230 septem
395 3172 490 3213 annos
501 3157 647 3228 projectus
661 3155 697 3210 ab
709 3152 877 3209 bouainibus
892 3116 914 3183 c
934 3154 1022 3220 mala,
1033 3161 1061 3210 et
1076 3153 1125 3210 lua
1136 3154 1277 3221 tenebris,
1291 3154 1490 3211 moltiaduris.
1501 3157 1640 3214 bevisest
1651 3161 1759 3228 cardis,

48 3251 150 3307 tenum
161 3254 194 3305 ut
210 3250 261 3305 bos
276 3248 449 3304 comederet.
466 3246 594 3302 Veniens
610 3246 639 3301 ln
664 3244 806 3300 mundum
831 3241 877 3296 lti-
932 3250 965 3300 ut
980 3243 1041 3299 bac
1055 3244 1200 3300 contraria
1208 3245 1324 3317 jungat,
1337 3246 1404 3316 quis
1417 3247 1574 3302 madescet
1587 3247 1658 3302 ordo
1670 3248 1763 3305 sileo·

51 3339 110 3395 lius
127 3337 176 3394 Dei
194 3339 333 3394 Dominus
348 3337 436 3392 lesus
450 3334 595 3400 Christus,
606 3350 710 3390 omnes
723 3331 876 3405 corripuit,
932 3350 998 3389 rum
1011 3337 1061 3389 aut
1072 3350 1161 3388 causa
1172 3333 1307 3389 videndo.
1322 3334 1350 3389 Si
1365 3334 1538 3405 praevaleant
1550 3335 1696 3402 bona,tibi
1709 3339 1761 3394 dat

52 3429 106 3485 sed
121 3445 178 3485 non
195 3444 298 3484 omnes
312 3432 412 3482 tamen
427 3425 563 3480 correxit.
575 3423 656 3479 Sicut
667 3423 710 3479 sol
721 3422 818 3478 oriens
829 3437 878 3477 su·
932 3428 1046 3477 scutum
1065 3421 1236 3486 moderatio,
1254 3427 1287 3477 ut
1302 3439 1372 3494 agae
1389 3425 1558 3492 prudentor,
1575 3442 1611 3481 ne
1624 3432 1652 3480 te
1663 3427 1761 3482 vincat

55 3534 108 3591 per
124 3519 217 3573 bonos
232 3522 261 3572 et
275 3514 379 3580 malos,
394 3519 534 3585 tanquam
551 3512 744 3568 mollelutum
756 3512 876 3566 indura·
928 3511 1082 3582 jactantia.
1098 3511 1127 3565 Si
1145 3526 1211 3566 vero
1231 3510 1308 3565 mala
1319 3510 1493 3583 prevaleant
1504 3512 1566 3582 tibi,
1581 3514 1759 3571 datsoutum

51 3607 103 3662 bat
118 3606 206 3661 corda
222 3604 377 3670 malorum,
390 3617 464 3673 quos
476 3600 556 3657 nulla
569 3600 731 3657 admonitio
742 3597 878 3655 trahebat
933 3599 1084 3672 patientia,
1095 3603 1202 3668 atagos
1211 3601 1758 3675 constanter,net'atiacesdesperando.

51 3697 87 3751 ad
104 3694 297 3761 credendum,
314 3708 380 3747 cum
401 3692 476 3747 sicut
496 3706 593 3746 ceram
617 3690 760 3746 bonorum
790 3687 878 3744 corda
932 3689 1015 3746 Sicut
1032 3688 1116 3744 miles
1131 3688 1159 3743 in
1172 3688 1286 3755 castris,
1299 3688 1339 3744 ita
1354 3689 1443 3746 hono
1454 3690 1594 3747 vivensin
1606 3692 1760 3766 membris,

53 3783 317 3854 molliretquosat
329 3781 508 3839 credendum
520 3780 742 3836 sanaeorrcctio
752 3775 878 3834 attrahe·
932 3783 966 3835 nt
981 3793 1142 3850 praecaveas
1159 3778 1246 3845 mala,
1261 3777 1338 3834 inter
1353 3779 1428 3835 boue
1439 3796 1475 3836 ne
1485 3797 1615 3852 unquam
1626 3783 1661 3838 de
1676 3785 1759 3838 tesa-

936 1542 1013 1598 enim
1030 1541 1111 1597 dedit
1126 1542 1210 1597 nobis
1226 1548 1344 1614 tempus
1360 1542 1434 1599 bene
1448 1544 1564 1615 agendi,
1581 1542 1759 1616 illetempus

937 1629 1023 1686 faciat
1038 1630 1148 1686 malum
1159 1630 1258 1687 luendi
1267 1636 1393 1703 peccata,
1405 1633 1447 1688 sic
1456 1632 1564 1705 quippe
1573 1632 1703 1690 dicturas
1714 1638 1761 1690 est

52 3875 112 3928 bat.
129 3875 222 3936 Quare
243 3886 326 3926 nemo
342 3869 436 3943 possit
450 3869 604 3943 corrigere,
621 3885 696 3942 quos
711 3867 761 3923 illa
776 3868 880 3940 despe-

52 3963 137 4028 xerit,
154 3960 203 4016 ille
219 3965 382 4034 symmysta
397 3960 448 4019 Dei
463 3963 593 4016 loannes
608 3957 783 4024 considerat,
803 3957 877 4015 scri·

52 4053 207 4124 benequorl
217 4050 444 4122 didicitquaudo
457 4048 593 4106 recubuit
603 4064 691 4121 super
702 4047 877 4119 pectuslcsu

933 3884 1022 3924 curus
1036 3868 1128 3924 vivas.
1143 3866 1261 3922 lmitare
1278 3866 1446 3924 hirundinis
1462 3869 1650 3938 industriam,
1666 3888 1757 3941 quaa

931 3961 1038 4013 natura
1051 3956 1164 4028 accepit
1179 3963 1210 4012 ut
1224 3957 1260 4012 de
1274 3974 1305 4013 se
1320 3957 1445 4013 sollicita
1460 3959 1505 4025 sit,
1523 3958 1547 4014 si
1567 3960 1671 4015 doinus
1690 3960 1756 4031 ejus

933 4045 1009 4103 male
1026 4048 1111 4102 ilrma
1126 4051 1209 4102 nutat
1225 4047 1387 4103 minitando
1403 4048 1529 4118 ruinam,
1546 4049 1619 4121 sugit
1634 4048 1713 4114 inde,
1729 4054 1758 4106 et

933 4135 1759 4209 ultrasineillanonnidificatouaudounquamaatissibi

932 4225 1050 4283 conlidit
1059 4226 1202 4282 hirundo?
1212 4224 1369 4298 Nunquam
1381 4229 1508 4285 comedit
1519 4230 1636 4296 stando,
1652 4230 1703 4286 sad
1712 4247 1760 4286 vo-

50 4143 143 4213 (laon.
159 4140 229 4212 aar).
247 4141 325 4208 ldeo,
340 4139 449 4212 inquit.
465 4138 584 4195 credere
598 4154 655 4194 noo
672 4141 806 4207 poterant
829 4135 879 4208 qui

50 4230 195 4287 miracula
212 4230 329 4287 Domini
347 4229 496 4297 videbant,
513 4227 583 4301 quis
602 4225 675 4283 dixit
695 4226 785 4283 lsaias
806 4244 877 4299 pro-

51 4320 162 4392 phete:
183 4319 288 4376 ludera
310 4335 359 4376 cor
376 4320 472 4391 populi
492 4319 573 4391 hujus
601 4322 627 4375 et
648 4333 729 4373 aures
747 4317 807 4389 ejus
828 4333 876 4384 up·
932 4315 1043 4371 litando
1059 4329 1110 4385 per
1123 4316 1578 4387 aeraprandet,timeteuimsibi
1586 4318 1708 4389 jugiter,
1718 4324 1759 4376 at·

50 4427 148 4480 provo,
165 4426 199 4465 ne
213 4413 286 4480 {orte
299 4409 414 4466 videant
428 4416 455 4465 et
480 4410 649 4481 teuthpald,
669 4412 696 4465 et
718 4423 812 4464 sonem
832 4422 877 4463 eoa
932 4421 989 4477 que
1004 4420 1170 4476 precavens
1186 4403 1262 4460 mala
1278 4405 1325 4461 vix
1339 4407 1432 4463 credit
1446 4407 1514 4477 sibi,
1529 4417 1605 4463 certe
1620 4423 1708 4479 quem
1723 4407 1758 4464 ti·

51 4503 115 4572 (lao.
130 4510 179 4561 vit.
197 4497 390 4570 Omnipotens
405 4499 559 4568 Dominus,
575 4496 697 4569 quivult
717 4512 811 4554 omues
830 4495 876 4552 to·
892 4488 916 4553 ll
933 4498 1021 4562 meat,
1037 4497 1088 4549 aut
1103 4509 1195 4566 quare
1208 4494 1312 4551 timeat
1328 4497 1430 4565 nescit,
1457 4512 1515 4552 non
1535 4495 1616 4555 illam
1637 4512 1759 4569 auceps,

51 4592 140 4646 mines
164 4588 253 4643 saluos
275 4588 370 4657 fucere
398 4588 422 4657 (t
448 4588 515 4642 Tim.
539 4604 557 4656 1,
587 4603 633 4655 1¹3
660 4588 724 4643 tue.
751 4601 809 4654 xrs,
826 4602 879 4655 ax;
935 4600 992 4640 non
1010 4581 1758 4659 avisduraimpetrt,tutaundiquetamenpavet‚et

51 4679 147 4735 llottt.
178 4693 269 4747 xvrrr;
298 4677 377 4733 toan.
406 4677 460 4748 ar),
489 4693 547 4732 non
575 4675 704 4732 bominis
732 4693 792 4744 cor,
822 4692 879 4731 non
935 4675 1410 4740 cavet,utpeccasetcaveastu.
1428 4674 1607 4747 Ouismagis
1631 4677 1758 4732 doostte

51 4768 164 4835 oculos,
190 4784 248 4823 non
277 4769 418 4838 aggravat
442 4782 539 4830 sures,
567 4767 617 4820 sed
643 4766 783 4837 quoniam
814 4765 882 4821 data
938 4761 1598 4822 utcavcasmalatruendoeortebonoruml
1619 4763 1760 4820 Salomon

54 4863 99 4914 est
112 4857 286 4913 homiuibus
301 4857 423 4911 libertae
437 4852 562 4920 arbitrii,
573 4853 641 4911 talis
651 4859 780 4912 setheus
791 4854 883 4912 homi·
936 4853 1034 4908 verbis
1049 4851 1121 4918 suis,
1137 4867 1174 4907 an
1190 4850 1317 4909 hirundo
1341 4856 1429 4910 robus
1444 4872 1460 4910 s
1479 4860 1581 4910 nature
1606 4852 1762 4925 acceptis?

55 4947 156 5014 nibus,
173 4946 274 5016 quales
291 4962 322 5003 se
337 4944 473 5001 alliciunt
487 4944 621 5001 homines
636 4943 706 5011 Deo,
719 4944 797 5000 unde
807 4944 883 5001 Psal·
938 4942 998 4999 Nos
1012 4941 1069 4998 alio
1085 4956 1203 5014 quoque
1217 4941 1336 4998 instruit
1347 4945 1587 5017 exemptonoatra
1598 4942 1707 5013 hospes
1717 4942 1763 5000 hi·

52 5036 143 5091 mista
158 5035 246 5091 dicit:
260 5034 329 5090 Cuia
340 5038 437 5091 sancto
447 5040 559 5090 sanctus
569 5035 637 5103 eris,
648 5038 675 5091 et
684 5049 746 5089 cum
757 5048 882 5106 peruersa
935 5034 1041 5099 ruodo,
1054 5030 1288 5088 doctamedicari
1296 5032 1394 5106 pullos
1405 5051 1485 5100 suos,
1495 5034 1621 5107 quicaeei
1633 5051 1763 5091 nascan-

50 5121 217 5196 pcraerterir
232 5124 318 5193 (Psat.
334 5121 416 5193 xvir),
432 5139 490 5179 non
507 5123 650 5179 cessando
665 5141 681 5179 a
697 5127 803 5180 natura
827 5121 878 5178 bc·
936 5127 995 5190 tur,
1011 5138 1097 5179 succo
1112 5120 1297 5190 chelidonias,
1310 5124 1408 5180 visum
1429 5140 1517 5197 quem
1543 5130 1629 5199 negat
1655 5131 1763 5183 natura

52 5212 154 5268 nitatis
169 5228 240 5280 sues,
258 5213 309 5268 sed
325 5213 459 5284 negando
475 5211 527 5268 tibi
541 5230 629 5285 pravo
641 5221 728 5285 atque
741 5227 878 5284 perverso
935 5216 1052 5284 praestat
1069 5211 1274 5270 medicamine.
1289 5213 1336 5270 Sic
1351 5213 1453 5272 oculos
1475 5215 1583 5273 mentis
1605 5222 1661 5272 tua
1682 5214 1763 5271 disce

52 5303 130 5359 dona
146 5319 205 5358 sure
229 5301 380 5360 bonitatis.
936 5299 1087 5370 medicari,
1103 5318 1119 5356 o
1134 5300 1232 5370 bomo,
1249 5307 1282 5359 ut
1298 5321 1461 5376 praecaveas
1477 5305 1566 5374 mala,
1583 5307 1659 5362 sicut
1679 5303 1764 5360 docet

88 5393 338 5449 Vsas.15.-le
363 5394 408 5450 dre
431 5394 504 5450 bono
526 5396 621 5466 frum
647 5393 735 5461 tenta,
758 5402 785 5448 et
806 5392 881 5449 diere
936 5389 1136 5447 Ecclesiastes.

53 5483 136 5542 mula
145 5500 268 5557 precave
280 5502 287 5553 ς
300 5485 371 5539 sicat
386 5485 460 5539 enim
487 5483 568 5554 torre,
594 5486 634 5539 sic
656 5488 684 5539 et
710 5483 790 5538 ittam
813 5485 881 5551 tecit
973 5483 1061 5536 Vane.
1079 5479 1122 5536 lb.
1145 5510 1180 5523 ·-
1210 5482 1274 5539 lieet·
1288 5499 1395 5556 auoque
1409 5485 1510 5542 cidiis
1524 5485 1618 5540 diebus
1633 5482 1765 5540 oarritctie

53 5580 136 5646 Dese,
152 5582 183 5632 ut
199 5591 254 5631 noe
265 5573 392 5633 iuveniat
402 5574 481 5630 tosio
494 5582 590 5631 ceretro
603 5588 666 5632 eam
676 5573 771 5645 justae
784 5574 879 5644 queri-
938 5584 1019 5629 mese.
1033 5570 1129 5627 laetus
1140 5569 1216 5642 perit
1230 5588 1262 5629 ee
1270 5573 1379 5642 intuta
1392 5590 1455 5642 sas,
1469 5580 1494 5630 et
1506 5572 1708 5646 inspiaaeirutto
1721 5572 1765 5630 vi·
